3622 5232
328 184 389 253 titt
766 207 806 253 aa
830 205 915 253 acris
940 205 1215 258 constsromttrens

329 317 379 370 ter
403 303 593 392 Collegiatos
623 308 775 371 Doctores
803 303 963 382 adscitus,
1085 305 1277 374 (lathedralis
1301 310 1452 392 Ecclesia,
1479 313 1597 379 veteris
1622 330 1660 379 ao

329 413 361 477 in
386 411 600 479 ecelesiasticis
623 411 811 500 peragendis
828 410 966 492 iunctio·
1018 412 1089 476 satis
1112 413 1205 501 ampli
1240 413 1397 494 aedificii,
1424 417 1659 503 assumptionis

328 519 628 606 nibus,praesertim
655 522 710 586 Dei
725 520 857 586 verbum
874 538 966 607 prae·
1020 519 1113 584 Bibae
1138 519 1276 608 Virginis
1296 521 1409 587 blariae
1425 523 1518 589 titulo
1543 524 1663 611 gloria·

329 623 969 702 dicando,naviteremicuit.Examinator
1021 632 1096 702 tur,
1122 634 1218 710 atque
1242 626 1383 692 lauuensi
1409 627 1661 715 brebiepistopo

329 717 967 818 cledactudexpro-synodattscous'titu-
1021 727 1220 820 suffragatur.

330 847 393 916 tua,
408 839 441 904 in
453 838 665 906 ecclesiastico
676 827 846 907 seminario
858 840 969 906 cirita·
1088 835 1162 904 Eius
1200 837 1380 924 capitulum
1415 850 1479 907 tres
1515 852 1662 908 recenset

330 949 370 1016 tis
395 946 560 1016 clavarum
577 947 735 1024 Rectoris,
757 946 867 1032 ibique
890 957 922 1012 et
937 947 970 1011 in
1023 943 1218 1033 dignitates,
1244 964 1377 1030 quarum
1400 957 1473 1034 post
1497 947 1666 1033 pontifica-

331 1048 626 1116 alteroclerieorum
641 1047 810 1117 seminario
823 1051 971 1114 Genuen·
1025 1053 1089 1118 lem
1111 1052 1212 1138 prima
1236 1054 1464 1139 Praepositura,
1490 1065 1561 1122 octo
1586 1075 1662 1122 cum

331 1156 356 1222 si
373 1171 476 1222 sacrae
493 1154 672 1242 theologiae
696 1154 820 1220 moralis
850 1152 972 1220 Proles-
1024 1155 1172 1245 theologo
1196 1177 1229 1224 ac
1253 1156 1501 1243 poenitentiario
1525 1161 1667 1227 Canoni-

332 1253 972 1344 sorismunereperluctusest.Beneficia·
1026 1283 1105 1341 eos,
1131 1263 1210 1330 duos
1255 1261 1461 1331 Beneficiatos
1484 1312 1495 1345 ,
1520 1267 1665 1352 aliosque

332 1363 355 1429 li
372 1364 466 1429 titulo
483 1362 611 1430 Abbatis
624 1364 742 1429 mitrati
755 1363 793 1429 ad
810 1367 842 1437 S.
860 1365 972 1429 Mariae
1025 1365 1228 1452 Presbyteros
1251 1377 1282 1431 et
1300 1366 1440 1434 Clericus
1462 1369 1508 1434 rei
1534 1367 1666 1436 divinae

334 1489 369 1536 ac
386 1472 442 1538 SS.
457 1471 581 1538 Fabiani
592 1471 802 1539 etSebastiani
815 1471 971 1558 insignem
1027 1491 1153 1558 operam
1179 1482 1341 1540 natantes.

336 1575 537 1666 Collegiatam
551 1578 720 1644 Collislani
734 1577 908 1644 (leunensis
921 1597 975 1642 ur·
1092 1579 1290 1662 Praepositae
1313 1599 1329 1642 a
1352 1577 1578 1648 viee-Paroebo
1607 1579 1669 1647 atl-

337 1682 385 1750 bis
408 1684 574 1769 bucusque
589 1683 772 1750 honestatus
796 1693 853 1750 est.
1026 1684 1112 1750 iutus
1136 1686 1310 1750 animarum
1334 1705 1440 1753 comm
1458 1687 1592 1774 ipsamet
1609 1706 1668 1752 ex·

402 1789 493 1860 rann
515 1790 591 1857 olim
614 1810 725 1879 magna
742 1792 878 1879 Aegypti
898 1789 972 1856 urbs
1027 1798 1114 1855 ercet
1137 1791 1170 1855 in
1195 1789 1386 1858 Catbedrali.

336 1908 369 1964 et
392 1896 558 1964 Pharaonis
582 1898 680 1984 regia,
705 1895 758 1972 ubi
785 1900 905 1982 Moyses
927 1907 975 1963 tot
1093 1896 1182 1963 Nulla
1215 1895 1272 1962 alia
1307 1899 1468 1984 reperitur
1496 1898 1667 1968 Vintimilii

337 2005 439 2074 edidit
452 2005 553 2093 signa3
567 2004 650 2091 apud
667 2003 842 2071 'l'anitioum
859 2003 973 2070 ostium
1026 2003 1221 2090 paroecialis,
1246 2015 1298 2068 aut
1322 2003 1487 2093 collegiata
1511 2005 1666 2086 Ecclesia,

336 2114 406 2191 sita,
420 2111 521 2179 adbuc
537 2112 575 2177 ab
591 2110 772 2180 infidelibus
796 2112 973 2191 detinetur,
1027 2128 1087 2177 nec
1125 2129 1215 2176 mons
1252 2109 1409 2199 pietatis,
1441 2111 1498 2178 sed
1537 2111 1662 2199 duplex

338 2217 470 2303 eiusque
493 2215 629 2303 proinde
658 2218 855 2284 miserrimus
877 2228 975 2285 status
1028 2218 1170 2285 virorum
1203 2226 1235 2282 et
1270 2218 1405 2285 alterum
1433 2220 1661 2285 sanctimonia-

339 2322 422 2390 lraud
446 2323 529 2390 valet
551 2323 677 2389 reterri.
1026 2324 1105 2390 lium
1139 2325 1389 2402 monasterium,
1414 2323 1535 2410 aliquot
1569 2325 1673 2391 laico-

405 2429 616 2496 Vintimilium
640 2439 767 2510 autem,
791 2434 841 2498 rel
866 2432 976 2501 Albin-
1029 2449 1099 2496 rum
1122 2427 1316 2507 sodalitates,
1336 2427 1490 2515 hospitale
1514 2439 1547 2495 et
1567 2430 1671 2496 semi·

338 2537 500 2602 temelium
532 2557 565 2602 ac
601 2536 695 2604 etiam
732 2538 975 2606 Albintimilium
1028 2537 1164 2605 narium.

340 2641 414 2708 urbs
450 2643 595 2730 Liguriae
628 2641 760 2711 litoralis
793 2642 834 2711 ad
856 2645 976 2712 clivum
1095 2643 1282 2709 bioeeeseos
1315 2639 1452 2708 ambitus
1486 2638 1526 2706 ad
1550 2639 1670 2729 triginti

271 2757 272 2760 ’
340 2750 456 2814 montis
471 2747 646 2828 aedificata,
658 2751 751 2818 unius
766 2753 894 2819 circiter
906 2754 977 2820 mil·
1031 2751 1173 2837 quinque
1211 2747 1354 2816 milliaria
1391 2747 1596 2836 protenditur
1635 2757 1672 2815 θῑ
1795 2763 1796 2832 ἐ

340 2853 419 2919 liarii
444 2864 492 2920 est
514 2855 663 2935 ambitus,
679 2856 856 2924 biseeutum
874 2861 977 2928 conti·
1031 2857 1271 2946 quatuordecim
1304 2853 1364 2922 sub
1385 2871 1421 2922 se
1443 2855 1674 2942 complectitur
1795 2897 1796 2912 2

341 2969 397 3028 net
431 2959 565 3040 domos,
592 2981 726 3050 eamque
760 2965 874 3058 viginti
909 2966 977 3036 lere
1031 2965 1206 3054 paroecias.

340 3067 426 3134 mille
450 3067 594 3136 incolunt
620 3066 718 3136 cites.

421 3209 560 3287 Deinde
588 3209 655 3288 SS.
687 3211 813 3304 Pater,
846 3213 891 3289 de
918 3238 1036 3308 more,
1079 3239 1119 3292 os
1155 3210 1302 3313 aperuit
1339 3209 1443 3286 ldmis
1498 3207 1672 3285 Dominis

339 3328 591 3408 Oardinalibus
620 3329 767 3430 Apuzao
788 3389 798 3424 ,
819 3331 997 3426 Howard,
1019 3333 1197 3424 (lauressa,
1226 3328 1397 3420 Serafini,
1421 3329 1535 3419 Nina,
1556 3327 1674 3404 Sber·
1795 3395 1796 3408 ,

340 3452 428 3526 retti
456 3453 495 3524 et
521 3451 565 3526 de
593 3447 748 3527 Felloux
775 3451 821 3526 du
850 3450 1036 3555 Ooudray.
1069 3451 1118 3528 Et
1146 3449 1343 3554 postulatio
1371 3475 1402 3526 a.
1435 3445 1546 3524 Pallii
1571 3446 1674 3524 faeta
1795 3449 1796 3504 ἶ

340 3571 398 3646 est
424 3591 491 3670 pro
521 3566 769 3670 Metropolitis
798 3569 941 3648 Salerni
971 3581 1009 3649 et
1035 3571 1224 3649 Olioanae.

422 3689 585 3766 Tandem
614 3687 800 3766 Sanctitas
828 3683 1072 3768 Sua'anulum
1093 3688 1366 3768 cardinalitium
1387 3687 1541 3764 tradidit
1562 3687 1673 3764 novis

340 3805 616 3898 Cardinaliirus3
639 3819 676 3883 et
696 3809 902 3912 assignavit
923 3813 964 3887 D.
988 3809 1175 3888 Cardinali
1196 3809 1227 3882 Α
1235 3829 1345 3907 puzzo
1364 3805 1514 3883 titulum
1536 3831 1567 3883 s.
1591 3805 1673 3882 Ho-
1795 3837 1796 3844 ¹

339 3926 506 4029 nupbrii;
528 3926 620 4004 limo
639 3926 829 4009 Oardinali
850 3931 1012 4008 Howard
1047 3929 1193 4004 titulum
1222 3927 1287 4004 SS.
1310 3925 1455 4002 loannis
1484 3929 1522 4001 et
1537 3911 1669 4015 Pauli3
1795 3927 1796 3934 '

340 4047 435 4124 Euro
480 4047 665 4126 Cardinali
702 4047 870 4127 Oanossa
897 4049 1043 4126 titulum
1074 4049 1111 4126 S.
1142 4045 1326 4134 Mareelli;
1348 4041 1442 4120 Eum
1477 4043 1670 4122 Cardinali

340 4166 499 4262 Saturni,
528 4167 677 4246 titulum
697 4170 736 4248 S.
760 4171 977 4272 Hieronymi
1000 4169 1235 4258 lllirieorum3
1256 4164 1350 4240 Euro
1388 4163 1580 4242 Cardinali
1602 4167 1673 4240 m·

341 4311 391 4363 ua
419 4287 640 4366 Diaconiam
671 4287 707 4367 S.
739 4287 870 4392 Augeli
908 4289 944 4364 in
982 4287 1077 4364 Foro
1116 4285 1313 4376 Piscium;
1358 4283 1451 4360 Eme
1487 4281 1671 4361 Sberretti

341 4407 558 4485 Diaconiam
580 4407 624 4487 ὃ.
659 4411 803 4488 Mariae
822 4410 867 4486 ad
888 4410 1088 4508 Martyrem
1112 4405 1204 4482 ltmo
1241 4403 1432 4484 Oardiuali
1451 4405 1496 4481 de
1514 4402 1670 4479 Felloux
1795 4451 1796 4458 κ

342 4529 389 4606 du
418 4527 589 4634 Ooudray
619 4529 832 4606 Diaooniaur
861 4529 900 4608 S.
925 4531 1082 4629 rigatae.
