3674 5210
355 293 397 361 to
936 311 1101 362 nnocurro

353 433 415 485 eos
442 412 554 486 testes
582 433 661 485 esse
700 409 915 510 probrorum
959 423 996 483 et
1024 407 1290 484 calumniarum
1320 407 1454 510 quibus
1494 413 1573 486 tum
1604 436 1678 488 am·

352 527 539 628 plissimus
566 530 655 605 ordo
682 531 817 618 vester,
850 531 926 602 tum
956 529 1049 604 sacri
1079 525 1272 604 Ecclesiae
1298 530 1541 630 Magistratus
1559 531 1680 606 omni·

352 647 418 722 bus
446 646 561 723 modis
588 647 829 748 impetuntur,
861 649 968 720 tanto
996 670 1079 721 eum
1108 645 1441 722 administrationis
1469 669 1595 722 eorum
1616 649 1680 723 de-

351 769 557 860 trimento;
585 771 700 844 testes
728 792 808 843 esse
836 764 965 842 irrisus
995 791 1037 842 ac
1066 765 1211 844 ludibrii
1241 793 1313 868 quo
1342 769 1489 867 augusti
1522 769 1615 845 ritus
1635 795 1679 846 ae

352 887 611 964 institutiones
638 884 842 964 catholicae
886 883 1068 962 Ecclesiae
1104 887 1417 976 dehonestantur,
1451 889 1679 988 petulantiae

350 1033 426 1108 qua
454 1007 690 1083 sanctissima
716 1005 907 1108 religionis
929 1008 1106 1108 mysteria
1123 1005 1380 1108 profanantur,
1405 1035 1448 1084 ac
1467 1011 1679 1110 conspicere

247 1110 253 1121 ’
351 1125 507 1229 pnbliois
534 1126 686 1202 honoris
715 1125 1047 1225 significationibus
1075 1131 1113 1202 ct
1141 1128 1283 1228 pompis
1310 1129 1517 1204 decoratam
1546 1127 1679 1231 impie·

349 1249 464 1322 tatem
492 1249 531 1321 et
557 1245 687 1321 atheos
705 1245 890 1338 homines,
912 1246 996 1321 dnm
1014 1251 1143 1321 contra
1171 1246 1364 1349 religiosae
1393 1249 1679 1350 supplicationes

348 1372 386 1443 ct
413 1390 567 1468 pompae
591 1368 781 1455 vetantur,
804 1388 896 1465 quas
923 1365 1025 1440 avita
1053 1366 1223 1442 italorum
1253 1369 1372 1468 pietas
1392 1367 1505 1444 libere
1534 1393 1679 1470 semper

348 1485 532 1564 celebrare
547 1485 768 1562 solemnibus
789 1487 1016 1586 temporibus
1035 1487 1237 1564 consuevit.
1258 1486 1447 1564 Vellemus
1462 1489 1574 1566 etiam
1586 1489 1679 1591 ipsis

349 1611 455 1684 notas
483 1629 564 1682 esse
591 1603 855 1706 blasphemias,
876 1629 971 1706 quae
999 1607 1162 1704 impune,
1188 1605 1409 1682 auctoritate
1438 1608 1585 1708 publiea
1607 1609 1680 1684 dis-

348 1725 557 1816 simulante,
591 1730 717 1798 oontm
750 1721 950 1800 Ecclesiam
980 1726 1018 1800 in
1047 1724 1330 1826 legumlatorum
1360 1734 1543 1802 conventu
1591 1753 1679 1804 con-

348 1847 547 1938 iiciuntur,
578 1843 719 1945 inquo
757 1842 942 1921 Ecclesiae
979 1844 1048 1944 ipsi
1095 1845 1328 1920 subvertendi
1363 1851 1401 1920 et
1437 1847 1679 1948 aggrediendi

348 1963 560 2044 criminatio
588 1968 646 2040 est
673 1963 790 2058 illata,
822 1965 975 2042 libertas
1003 1966 1082 2040 eins
1110 1962 1296 2041 nefarium
1326 1991 1369 2042 ac
1397 1965 1510 2042 fatale
1540 1968 1680 2068 prinoi-

349 2085 447 2188 pium
477 2088 648 2160 vocatum
677 2087 756 2176 est,
788 2083 975 2158 doctrinae
1004 2084 1083 2158 eius
1120 2107 1343 2185 perversae,
1375 2109 1419 2160 ac
1447 2085 1614 2162 societati
1641 2091 1680 2162 et

351 2203 516 2282 moribus
544 2205 783 2280 adversantes
812 2203 1018 2304 appellatae
1046 2209 1158 2290 sunt,
1193 2205 1248 2279 vis
1287 2211 1323 2279 et
1351 2205 1553 2282 auctoritas
1598 2206 1680 2283 eius

357 2329 544 2424 tamquam
572 2321 674 2399 civili
702 2323 886 2397 consortio
915 2322 1125 2422 perniciosa
1154 2324 1321 2402 incusata
1341 2324 1425 2400 fuit.
1450 2325 1577 2426 Neque
1596 2350 1683 2427 pos·

349 2453 435 2521 sent
463 2443 571 2520 iidem
601 2443 779 2520 confictae
808 2449 958 2518 nostrae
986 2442 1168 2519 libertatis
1198 2468 1395 2545 praecones
1424 2444 1584 2521 inficiari
1625 2450 1682 2521 tot

353 2564 577 2666 multiplices
605 2564 799 2640 continuas
827 2589 961 2664 graves
988 2564 1195 2640 occasiones
1223 2563 1262 2640 in
1304 2563 1341 2640 id
1368 2553 1600 2665 comparatas
1639 2573 1684 2642 ut

351 2686 501 2761 incauta
530 2681 703 2756 iuventus
731 2681 971 2757 inflammatis
999 2681 1260 2782 cupiditatibus
1280 2691 1548 2784 corrumpatur,
1573 2709 1617 2760 ao
1635 2705 1684 2758 ex

352 2805 432 2880 eius
460 2803 582 2880 animo
610 2799 793 2876 catholica
821 2799 909 2876 fides
937 2799 1115 2878 radicitus
1136 2803 1354 2902 extirpetur.
1377 2803 1415 2878 Si
1440 2802 1510 2904 ipsi
1535 2805 1682 2879 demum

352 2925 431 2998 vias
458 2921 570 2996 huius
599 2918 716 3008 urbis,
739 2943 833 3019 quae
860 2944 926 3022 per
943 2919 986 2996 B.
1010 2921 1112 2996 Petri
1143 2920 1350 2996 cathedram
1373 2921 1563 3022 religionis
1578 2921 1682 2998 sedes

350 3044 388 3117 et
415 3045 527 3137 caput
554 3042 612 3112 est
638 3036 797 3130 obirent,
820 3037 982 3113 iudicare
1001 3040 1257 3139 percommode
1276 3043 1425 3138 possent
1444 3045 1567 3113 utrum
1588 3046 1684 3112 tem-

352 3159 412 3262 pla
439 3155 634 3234 acatholici
664 3154 785 3268 cultus
813 3155 873 3232 his
902 3157 1127 3256 temporibus
1157 3157 1342 3248 excitata,
1376 3157 1525 3234 scholae
1554 3183 1683 3235 corru-

352 3277 489 3383 ptionis
516 3299 794 3375 quaquaversus
829 3273 1010 3365 diffusae,
1045 3279 1099 3350 tot
1126 3279 1254 3352 domus
1283 3278 1501 3377 perditionis
1541 3275 1683 3378 passim

350 3398 586 3488 constitutae,
605 3397 763 3472 obscena
790 3401 829 3470 et
850 3395 953 3472 foeda
982 3396 1192 3494 spectacula
1220 3421 1315 3495 quae
1344 3397 1460 3473 oculis
1488 3396 1612 3497 populi
1631 3394 1684 3472 of·

350 3522 546 3611 teruntur,
577 3517 688 3593 talem
720 3541 841 3592 rerum
870 3516 1121 3593 conditionem
1152 3515 1313 3599 faciant,
1348 3543 1443 3616 qnae
1480 3513 1683 3592 tolerabilis

350 3639 400 3715 sit
426 3636 461 3714 ei
488 3635 551 3736 qui
581 3659 647 3736 pro
676 3636 733 3711 sui
762 3634 987 3734 apostolatus
1016 3633 1136 3708 officio
1174 3635 1281 3709 debet
1323 3635 1466 3734 quidem
1496 3640 1533 3710 et
1572 3633 1684 3709 vellet

350 3764 409 3836 tot
437 3757 543 3834 malis
571 3779 782 3842 occurrere,
816 3757 857 3830 at
884 3759 1014 3830 contra
1042 3754 1212 3830 omnibus
1244 3754 1369 3830 mediis
1398 3759 1434 3829 et
1462 3754 1679 3847 rationibus

351 3877 673 3979 omnipotestatis
702 3874 876 3950 exercitio
906 3876 1089 3976 privatur,
1116 3901 1187 3974 quo
1216 3873 1333 3974 possit
1364 3875 1418 3948 vel
1444 3873 1507 3948 uni
1537 3877 1686 3949 tantum

353 4025 397 4076 ex
426 4003 483 4074 tot
512 3997 621 4074 malis
648 3997 858 4072 necessaria
886 3993 1045 4070 remedio
1073 3994 1261 4088 adhibere,
1284 4009 1321 4068 et
1341 3993 1533 4069 animabus
1547 3991 1587 4066 in
1606 3990 1687 4068 exi-

353 4121 445 4196 tium
474 4117 665 4194 ruentibus
692 4139 795 4214 opem
813 4113 925 4190 ferre.
944 4113 1013 4188 Hic
1031 4117 1175 4189 taudem
1197 4121 1255 4188 est
1277 4111 1515 4187 Venerabiles
1534 4111 1687 4187 Fratres

353 4245 472 4316 status
500 4239 557 4315 oui
587 4237 739 4312 subesse
769 4235 933 4336 cogimur
961 4259 1073 4334 opera
1101 4237 1180 4310 eius
1208 4235 1385 4309 (lubernii
1414 4233 1510 4333 quod
1538 4231 1576 4306 in
1615 4232 1688 4307 hae

354 4359 443 4435 urbe
469 4356 709 4444 dominatur,
744 4353 836 4428 haec
863 4357 920 4430 est
957 4351 1020 4426 illa
1051 4351 1198 4428 libertas
1225 4355 1262 4425 et
1300 4353 1462 4450 potestas
1490 4347 1687 4425 exercendi
1805 4453 1806 4456 Ἴ

355 4475 551 4554 ministerii
571 4476 688 4550 nostri
708 4473 812 4549 cuius
831 4497 964 4548 nomen
985 4474 1188 4546 almtuntur
1215 4479 1252 4544 et
1279 4495 1353 4572 qua
1383 4469 1457 4545 Nos
1485 4469 1597 4571 potiri
1619 4469 1689 4542 im-

356 4599 534 4693 pudenter
562 4594 762 4670 iactitant:
793 4593 944 4668 libertas
975 4591 1112 4666 scilicet
1141 4589 1288 4666 videndi
1336 4587 1611 4666 demolitionem
1651 4589 1690 4665 in
