3670 5222
893 462 1136 546 MONITUM

427 729 483 810 Ut
512 728 692 804 inscitiam
724 728 885 804 ineuntis
913 728 1057 818 aetatis,
1092 727 1322 828 aliorumque
1341 727 1591 808 credulitatem
1613 732 1674 808 de-

347 849 542 948 decipiant‚
577 851 643 924 sub
671 850 790 948 specie
828 849 940 936 recti,
973 847 1093 924 solent
1133 847 1340 950 Religionis
1368 855 1480 949 atquo
1522 849 1674 926 Mor-alis

347 965 573 1043 christianae
600 991 736 1056 osores,
770 967 920 1043 nomine
946 970 1131 1041 scientiae
1141 991 1383 1069 progressos
1404 968 1549 1067 operire
1568 967 1675 1068 quid-

346 1084 435 1185 quid
461 1083 637 1160 effutiant
664 1086 730 1159 aut
758 1084 986 1184 perscribant
1013 1084 1189 1160 adversus
1216 1087 1376 1159 easdem.
1403 1085 1674 1160 Verumtamen

348 1205 437 1282 Ru.
470 1203 699 1298 Pontifices,
730 1202 794 1304 qui
823 1205 921 1278 omni
951 1203 1073 1278 studio
1102 1202 1299 1279 Doctrinae
1318 1202 1504 1278 revelatae
1533 1212 1569 1278 et
1598 1217 1673 1278 tra-

347 1327 446 1403 ditae
476 1327 728 1429 integritatem
759 1331 970 1428 protegunt‚
1004 1327 1125 1402 velum
1154 1326 1348 1403 calliditati
1377 1329 1585 1403 subducunt
1613 1353 1671 1404 er-

346 1471 518 1550 roresque
546 1449 735 1546 detegunt.
767 1447 961 1547 Specimen
990 1453 1069 1521 tum
1100 1447 1355 1546 perversitatis
1400 1448 1445 1522 ed
1486 1445 1665 1524 fallendas

346 1567 509 1661 animas,
542 1578 619 1643 tum
649 1567 868 1670 vigilantiae
908 1569 995 1644 RR.
1047 1567 1267 1643 Pontificum
1308 1569 1355 1644 ad
1402 1569 1673 1668 praecavendos

345 1714 488 1766 errores
516 1690 666 1766 exhibet
692 1691 949 1765 documentum
983 1687 1135 1764 inferius
1165 1686 1349 1779 relatum3
1379 1691 1474 1788 quod
1506 1688 1671 1788 apprime

346 1809 447 1884 hisee
473 1805 701 1908 temporibus
720 1809 858 1884 nostris
878 1811 1042 1907 aptatur,
1073 1807 1205 1907 quibus
1233 1808 1314 1908 plus
1342 1831 1459 1907 aequo
1478 1814 1663 1883 scientiae

339 1951 578 2030 progressus
607 1927 766 2002 iactatur
793 1930 839 2002 ab
867 1926 1029 2003 inimicis
1056 1927 1139 2028 piae
1168 1925 1302 2002 Matris
1329 1924 1529 2002 Ecclesiae.

810 2166 1199 2245 DAMNATIO

345 2379 394 2456 El
413 2381 629 2484 prohibitio
657 2381 799 2464 Libri,
828 2387 894 2455 cui
921 2381 1048 2457 titilus
1078 2423 1127 2438 -
1156 2381 1305 2457 Lettera
1347 2379 1441 2458 sulla
1485 2381 1672 2459 direziono

425 2501 521 2602 degli
551 2505 647 2578 studi
675 2503 709 2577 di
738 2502 943 2578 Frencesco
972 2501 1013 2578 F.
1045 2497 1208 2576 Ginevra
1249 2499 1349 2577 1843
1378 2500 1453 2606 (l).

734 2763 1031 2846 concordus
1058 2764 1139 2844 ΡΡ.
1171 2765 1277 2845 XVI.

692 2991 742 3046 Ab
768 2990 995 3046 PERPE'I'UAM
1023 2991 1086 3044 REI
1122 2990 1321 3044 multoniam

420 3209 524 3285 lnior
551 3206 732 3282 maximas
759 3209 797 3281 et
824 3207 1078 3282 acerbissimas
1106 3231 1199 3306 quos
1218 3205 1551 3284 turbulentissimis
1565 3206 1668 3282 hisce

342 3331 569 3432 temporibus
606 3327 882 3428 ingemiscimus
926 3325 1142 3404 Catholicae
1176 3325 1388 3427 Religionis
1421 3327 1662 3420 calamitates,

342 3451 541 3551 praecipua
567 3472 657 3524 sane
683 3451 740 3522 est
767 3445 1023 3548 pestiferorum
1054 3446 1227 3523 librorum
1259 3446 1446 3538 colluvies,
1473 3448 1535 3548 qui
1553 3446 1667 3524 veluti

341 3569 509 3646 locustae
528 3591 576 3642 eoo
596 3576 713 3669 puteo
734 3564 865 3666 abyssi
885 3565 1122 3669 prodeuntes
1141 3562 1255 3641 ferme
1274 3569 1388 3640 totam
1411 3564 1601 3658 invadunt,
1622 3566 1667 3641 ad

342 3712 424 3763 eam
447 3687 676 3776 vastandam,
700 3685 848 3762 Domini
865 3687 1023 3774 vineam,
1039 3689 1077 3759 et
1095 3687 1282 3784 tamquam
1295 3686 1485 3786 poculum
1500 3686 1665 3788 plenum

341 3809 693 3890 abominationum,
726 3807 822 3907 quod
851 3807 945 3882 vidit
971 3805 1125 3880 Ioannes
1144 3811 1187 3880 in
1206 3830 1328 3879 morire
1350 3803 1565 3879 Meretricis·
1587 3831 1668 3881 ma·

340 3954 458 4032 gnae,
480 3949 661 4003 venenum
691 3926 811 4001 omnis
831 3925 978 4028 generis
999 3921 1208 3998 bibentibus
1234 3925 1421 4022 praebent.
1445 3922 1666 3999 Huiusmodi

340 4046 502 4150 proiecto
531 4053 588 4122 est
616 4044 758 4121 libellus
786 4045 849 4146 qui
878 4043 1095 4120 inscribitur
1125 4041 1320 4118 ‹Lettero
1350 4042 1668 4117 sirllodireaione

340 4169 448 4272 depli
476 4166 607 4244 Stadii
630 4193 647 4236 »
678 4166 747 4241 sub
766 4164 913 4239 nomine
934 4193 951 4232 ι
976 4164 1020 4239 di
1040 4161 1251 4236 Froaoesco
1271 4161 1317 4236 F.
1342 4190 1386 4245 ›,
1408 4167 1529 4236 notam
1560 4185 1668 4262 pree·

341 4288 502 4364 seterens
522 4284 850 4388 typographicam<
878 4279 1047 4358 Gr'acorc
1079 4280 1197 4357 1843
1221 4306 1272 4356 »r
1303 4279 1397 4356 mole
1417 4279 1563 4382 quidem
1585 4282 1667 4357 exi-

410 4463 450 4538 (1)
469 4462 865 4530 Latine-Litteroeqnoed
895 4461 1051 4513 studiorum
1079 4459 1263 4512 directionem
1282 4475 1332 4528 por
1358 4461 1539 4527 Froneircum
1567 4461 1598 4512 F.
1616 4461 1669 4512 Ge·

347 4565 435 4602 nevae
457 4550 535 4604 184³.
