3674 5210
727 277 927 335 enutrimur.
1442 255 1486 336 83

155 414 224 490 666
253 413 341 464 6666
372 385 541 488 praeviso
568 389 634 462 aut
660 383 898 485 impraevisa,
930 408 1003 485 666
1043 387 1229 484 praedicta
1269 381 1484 485 Oapellania

154 532 332 608 suspensa
361 507 418 582 vol
446 529 644 607 suppressa
672 528 821 582 manere
849 505 998 580 deberet
1016 506 1101 581 sive'
1115 530 1178 604 per
1196 503 1379 605 publicam
1406 505 1483 581 dis-

155 630 401 728 positionem,
434 630 501 703 aut
526 651 592 727 per
620 627 847 727 privatorum
877 647 1054 724 operam,
1088 627 1168 727 agri
1213 624 1400 726 adsignati
1445 628 1483 700 et

153 773 310 849 parvum
340 746 564 824 Coenobium
596 748 749 822 redeant
778 747 815 820 iu
844 750 960 820 totam
989 746 1253 848 proprietatem
1283 743 1482 820 haeredum

151 875 187 944 et
213 889 471 944 successorum
499 862 739 941 institutoris.

229 985 336 1074 Quod
366 1009 388 1060 a
415 988 595 1060 testatore
625 983 829 1084 praevisum
860 982 983 1062 fuerat
1000 984 1040 1060 in
1059 981 1246 1062 Ecclesiae
1263 983 1475 1076 discrimen,

152 1106 307 1208 contigit
334 1105 534 1205 perlegam
555 1105 628 1179 diei
653 1102 699 1176 15
727 1105 884 1202 Augusti
912 1101 1026 1179 1867.
1051 1105 1282 1206 Proindeque
1300 1101 1404 1180 Felix
1425 1104 1475 1182 N.

153 1225 379 1302 institutoris
408 1243 538 1300 naeres
565 1230 604 1297 et
630 1246 819 1299 successor
847 1223 1055 1302 huiusmodi
1083 1225 1322 1324 dispositione
1350 1222 1478 1300 sufful-

152 1361 206 1422 tus
237 1347 520 1446 possessionem,
547 1343 883 1444 proprietatemque
897 1345 1073 1422 bonorum
1095 1345 1276 1430 omnium,
1297 1344 1477 1444 gubernio

151 1466 275 1541 italico
303 1464 443 1541 frustra
472 1467 691 1570 opponente,
724 1464 761 1539 vi
793 1463 1100 1562 tribunalislaici
1127 1463 1349 1540 sententiae.
1374 1464 1417 1538 ad
1437 1487 1476 1538 se

150 1590 331 1680 avocavit,
355 1613 470 1690 eaque
498 1589 546 1663 ab
573 1588 672 1665 omni
704 1587 940 1690 obligationis
969 1588 1115 1665 viuculo
1145 1587 1260 1664 libera
1287 1585 1476 1689 atqueim·

148 1710 275 1785 rnuoia
302 1712 490 1811 reputans,
524 1710 618 1808 apud
647 1731 686 1782 se
715 1707 883 1800 retinuit,
906 1732 1106 1808 eorumque
1133 1707 1289 1798 reditus,
1309 1706 1401 1782 nihil
1432 1708 1475 1782 de

148 1828 349 1904 Missarum
378 1824 612 1903 satifactione
650 1825 860 1919 sollicitae,
894 1827 932 1904 iu
961 1829 1018 1902 sui
1056 1851 1280 1926 suorumque
1308 1828 1474 1902 favorem

148 1947 336 2024 distraxit.

228 2069 418 2144 interdum
447 2066 581 2142 accidit
610 2071 652 2142 61
678 2068 828 2169 quidam
858 2067 1034 2146 Sacerdos
1061 2092 1220 2172 parvum
1243 2062 1473 2145 Coenobium

147 2191 334 2290 acquirere
363 2198 527 2291 cuperet.
560 2191 699 2293 optimo
727 2192 898 2292 quidem,
931 2200 969 2268 et
994 2191 1170 2269 laudabili
1199 2188 1378 2268 oonsilio:
1411 2211 1474 2262 ve·
1523 2270 1526 2286 ,

146 2333 226 2383 rum
257 2307 393 2383 timeus
420 2331 466 2382 ne
494 2308 530 2382 id
558 2307 638 2384 fieri
667 2315 790 2408 posset
835 2309 1047 2410 Apostolica
1089 2310 1184 2388 Sede
1226 2305 1470 2395 inconsulta3

145 2435 332 2502 annuente
359 2426 440 2526 ipso
470 2425 638 2502 haerede.
670 2427 710 2505 S.
741 2427 785 2506 0.
816 2427 1151 2532 Congregatiouem
1180 2429 1320 2506 adivit:
1353 2437 1391 2500 et
1411 2450 1473 2525 pe-

145 2548 204 2622 tiit
234 2570 322 2623 uum
350 2546 420 2622 sibi
447 2545 575 2622 liceret
600 2545 829 2624 Ooenobium
858 2550 1078 2650 acquirere,
1111 2549 1201 2650 quin
1230 2548 1303 2624 ullo
1337 2548 1473 2623 blissa-

145 2686 224 2736 rum
256 2685 366 2738 onere
394 2661 595 2739 adstrictus
625 2671 826 2740 teneretur.
858 2663 991 2744 Statim
1020 2662 1240 2742 Ordinarius
1270 2661 1470 2762 requisitus

145 2783 215 2857 fuit
245 2808 309 2884 per
336 2783 375 2860 S.
398 2783 442 2862 Ο.
473 2781 517 2859 0.
549 2799 582 2859 ut
617 2783 1163 2884 6661661166661611161611616
1193 2784 1382 2883 legitimae
1400 2781 1470 2858 ua-

144 2902 305 2994 66116116,
337 2929 412 3006 666
439 2905 614 2982 Sacerdos
643 2906 691 2980 N.
725 2903 953 2982 66661813
982 2905 1077 2980 bona
1103 2904 1303 2980 enunciata
1343 2903 1471 3000 66661-

143 3023 245 3115 sivit,
279 3024 625 3102 tum.instrumenti
655 3025 926 3127 acquisitionis,
963 3029 1002 3100 et
1029 3023 1205 3126 quidquid
1233 3027 1275 3100 ad
1307 3047 1381 3099 rem
1411 3023 1468 3098 fa-

142 3149 254 3220 oeret.
288 3144 436 3222 Retulit
463 3143 665 3246 Episcopus
693 3145 791 3222 haud
819 3145 973 3247 reperiri
994 3169 1100 3246 posse
1118 3147 1377 3220 documentum
1397 3167 1470 3242 quo

142 3267 376 3368 Capellaoiae
405 3269 600 3346 institutor
628 3294 650 3347 a
678 3269 769 3348 Sede
797 3268 1010 3372 Apostolioa
1033 3267 1244 3346 facultatem
1264 3267 1470 3344 obtinuerit

143 3385 353 3464 huiusmodi
381 3391 478 3466 hona
504 3389 745 3490 acquirendi;
776 3413 904 3466 verum
934 3391 1120 3490 praesumi
1150 3412 1256 3489 66666
1284 3388 1470 3463 6616611-

141 3512 277 3588 tutoris
302 3512 557 3615 qualitatibus,
581 3517 620 3588 et
646 3537 693 3589 ex
720 3513 886 3615 eoquod
914 3511 1078 3589 clausola·
1102 3517 1311 3612 reportatae
1341 3510 1466 3587 lacul-

143 3633 227 3710 tatis
255 3635 396 3711 inserta
423 3633 535 3712 luerit
562 3634 601 3710 iu
630 3635 825 3713 erectionis
855 3635 1117 3710 instrumento.
1136 3633 1213 3709 lmo
1241 3657 1288 3710 ex
1315 3634 1468 3734 quibus·

143 3755 225 3828 dam
253 3752 389 3830 tabulis
417 3755 462 3831 ab
489 3752 646 3831 haerede
674 3754 850 3830 exhibitis
869 3745 1047 3854 apparere
1068 3777 1220 3854 parvum
1240 3753 1465 3832 Ooenobium

142 3895 164 3944 a
192 3871 240 3949 R.
272 3873 450 3949 Demauio
478 3872 575 3950 haud
602 3874 824 3976 acquisitum
860 3873 1003 3961 fuisse,
1042 3875 1102 3949 sed
1131 3872 1256 3974 potius
1284 3879 1468 3974 spectasse

142 3991 186 4064 ad
213 3991 396 4090 peculiare
423 3990 650 4068 institutoris
678 3991 955 4092 patrimonium,
975 3991 1147 4090 quamvis
1167 3991 1212 4066 ab
1241 3987 1465 4066 66661786

143 4119 280 4206 partem
310 4109 440 4187 fecisse
469 4114 615 4186 6666161
640 4113 854 4190 Conventus
896 4112 939 4184 ad
982 4109 1193 4210 Religiosos
1238 4109 1466 4210 Capuccinos

144 4231 374 4328 pertinentis.
408 4229 558 4308 Addidit
585 4256 732 4336 quoque
764 4233 965 4332 llpiscopus
1000 4229 1280 4330 Capellaniam,
1312 4233 1356 4306 de
1393 4255 1468 4332 qua

141 4347 265 4452 agitur
292 4351 547 4453 quotidianam
576 4355 739 4428 evasisse
768 4376 879 4452 opera
907 4351 1055 4428 loannis
1083 4350 1260 4453 Leopardi
1295 4351 1461 4442 Marini,

143 4471 204 4569 qui
232 4472 357 4561 hona,
388 4472 540 4572 praevio
567 4471 712 4573 publico
746 4470 1017 4560 instrumeut0‚
1050 4469 1205 4563 adiecit,
1238 4495 1334 4572 qnae
1372 4471 1465 4547 satis

142 4593 262 4666 666661
287 4612 354 4694 pro
381 4613 457 4667 una
493 4589 609 4668 Missa
654 4590 690 4666 io
722 4588 878 4693 singolis
923 4589 1163 4666 hebdomadis
1210 4589 1462 4688 instituenda,
