3674 5210
743 289 900 338 ueconrun
1438 269 1480 340 75

154 384 332 486 genitum.
362 385 411 462 Et
439 409 484 461 ex
513 385 628 462 Patre
656 387 784 461 natum
813 387 898 460 ante
927 383 1053 462 omnia
1080 385 1238 462 saecula.
1281 385 1398 462 Deum
1434 385 1476 464 de

155 508 243 596 Deo,
278 505 403 581 lumen
432 505 475 580 dc
504 504 657 596 lumine,
691 503 812 582 Deum
842 529 966 582 verum
996 507 1039 582 de
1059 507 1136 583 Deo
1159 530 1256 582 vero.
1280 505 1472 600 (lenitum,

154 650 228 702 non
256 624 406 714 factum,
442 624 791 701 consubstantialem
820 623 944 701 Patri:
974 650 1040 727 per
1077 650 1186 726 quern
1220 626 1344 702 omnia
1378 625 1475 704 facta

154 751 254 826 sunt.
286 747 356 835 Qui
388 740 535 848 propter
563 772 629 823 nos
659 747 825 824 homines
853 757 890 822 ct
926 753 1075 849 propter
1113 752 1275 824 nostram
1320 748 1475 824 salutem

153 867 338 943 descendit
366 867 410 942 de
438 863 563 941 caelis.
595 865 646 941 Et
673 865 888 944 incarnatus
916 871 973 940 est
1000 867 1042 942 de
1073 866 1208 968 Spiritu
1250 865 1388 944 Sancto
1430 891 1475 942 ex

154 987 276 1063 Maria
294 985 468 1086 Virgine,
490 988 528 1060 et
545 986 655 1060 homo
675 983 795 1062 lactus
812 988 882 1060 est.
905 984 1114 1062 Crucifixus
1133 988 1247 1060 etiam
1270 1009 1332 1085 pro
1352 988 1473 1081 nobis,

156 1111 220 1186 snb
247 1109 386 1187 Pontio
411 1108 538 1202 ⁸Pilato
567 1133 698 1210 passus
726 1113 763 1184 et
781 1111 950 1210 sepultus
978 1119 1046 1184 est.
1071 1107 1121 1183 Et
1141 1110 1346 1184 resurrexit
1363 1113 1477 1188 tertia

155 1228 222 1322 die,
253 1231 454 1304 secundum
483 1215 705 1327 Scripturas
741 1227 793 1304 Et
836 1227 1000 1304 ascendit
1038 1228 1073 1300 in
1115 1226 1270 1316 caelum,
1302 1232 1402 1304 sedet
1430 1235 1474 1308 ad

155 1349 340 1424 dexteram
371 1347 510 1424 Patris.
537 1345 584 1420 Et
611 1345 744 1422 iterum
774 1350 954 1421 venturus
981 1352 1039 1420 est
1056 1369 1137 1418 cunr
1166 1345 1284 1446 gloria
1312 1343 1476 1425 iudicare

154 1468 258 1542 vivos
285 1471 325 1543 ct
354 1475 529 1553 mortuos,
554 1465 658 1542 cuius
686 1465 790 1565 regni
818 1487 893 1538 non
922 1464 995 1538 erit
1022 1461 1119 1538 finis.
1152 1463 1201 1539 Et
1231 1464 1266 1539 in
1296 1463 1473 1564 Spiritum

154 1587 341 1675 Sanctum,
364 1586 562 1662 Dominum
583 1599 620 1661 et
638 1584 904 1660 vivificantem:
927 1582 989 1682 qui
1009 1606 1054 1657 ex
1070 1583 1182 1658 Patre
1205 1583 1367 1684 Filioque
1393 1608 1476 1684 pro·

153 1710 264 1786 cedrt.
285 1705 359 1793 Qui
378 1731 458 1783 curn
477 1708 591 1783 Patre
609 1711 647 1781 et
665 1704 760 1780 Filio
781 1702 892 1779 simul
905 1705 1092 1790 adoratur,
1112 1709 1149 1778 ct
1163 1701 1471 1801 conglorificatur,

153 1829 213 1928 qui
234 1825 412 1928 loquutus
431 1831 488 1904 est
508 1851 573 1926 per
591 1823 804 1928 prophetas.
832 1823 880 1899 Et
900 1847 1027 1912 unam,
1051 1829 1231 1913 sanctam,
1256 1824 1475 1916 catholicam

151 1951 189 2022 et
216 1945 453 2048 apostolicam
484 1943 704 2021 Ecclesiam.
726 1940 912 2018 Confiteor
939 1964 1055 2018 unum
1084 1942 1265 2043 baptisma
1288 1943 1327 2020 in
1347 1945 1476 2022 renris-

151 2067 289 2143 sionem
320 2070 569 2167 peccatorum.
599 2062 650 2140 Et
668 2069 820 2163 expecto
838 2061 1143 2137 resurrectionem
1164 2065 1407 2140 mortuorum.
1428 2063 1476 2140 Et

151 2185 266 2259 vitam
296 2183 447 2260 venturi
474 2183 625 2260 saeculi.
648 2181 782 2258 Amen.

230 2302 463 2404 Apostolicas
483 2307 520 2378 et
537 2300 803 2378 ecclesiasticas
821 2299 1040 2377 traditiones
1059 2300 1293 2404 reliquasque
1312 2302 1474 2381 eiusdem

150 2423 339 2500 Ecclesiae
366 2421 640 2500 observationes
668 2424 706 2495 et
723 2419 1007 2496 constitutiones
1035 2419 1243 2498 firmissime
1268 2423 1419 2499 admitto
1438 2432 1476 2500 et

150 2541 365 2643 anrplector.
397 2545 488 2621 Item
516 2565 658 2618 sacram
688 2539 896 2640 Sripturam
924 2539 1031 2616 iuxta
1056 2563 1141 2615 eum
1170 2565 1330 2632 sensum,
1362 2567 1473 2642 quem

149 2664 274 2740 tenuit
292 2669 331 2739 et
349 2668 450 2739 tenet
468 2666 594 2738 sancta
614 2667 729 2738 mater
744 2659 922 2752 Ecclesia,
945 2658 1049 2736 cuius
1069 2664 1126 2737 est
1145 2661 1306 2739 iudicare
1325 2664 1368 2738 de
1387 2689 1473 2741 vero

149 2807 262 2859 sensu
290 2787 328 2860 et
355 2780 661 2882 interpretatione
687 2803 875 2856 sacrarum
903 2777 1191 2880 Scripturarum,
1224 2782 1382 2857 admitto
1407 2805 1474 2856 nec

149 2927 231 2980 earn
261 2927 440 3004 unquam,
470 2901 544 2976 nisi
573 2902 678 2976 iuxta
706 2900 915 2977 unanimem
944 2923 1164 2978 consensum
1199 2903 1369 2997 Petrum,
1412 2929 1474 2979 ac-

150 3023 284 3124 cipiam
313 3025 351 3097 et
378 3020 665 3121 interpretabor.

230 3141 413 3219 Profiteor
441 3162 599 3241 quoquew
616 3143 756 3241 septem
785 3162 865 3214 esse
893 3164 979 3216 vere
1007 3141 1046 3215 et
1062 3139 1210 3241 proprie
1232 3139 1474 3218 Sacramenta

150 3285 267 3338 novae
296 3260 388 3363 legis
416 3286 438 3336 a
464 3259 547 3337 Iesu
575 3259 726 3338 Christo
746 3258 922 3335 'Domino
961 3259 1097 3336 Nostro
1134 3259 1321 3353 instituta,
1359 3264 1472 3362 atque

149 3381 192 3456 ad
221 3379 377 3456 salutem
404 3377 560 3455 humani
588 3379 750 3481 generis,
782 3376 867 3454 licet
896 3401 969 3453 non
999 3377 1123 3453 omnia
1143 3377 1313 3479 singulis,
1337 3399 1472 3456 neces-

145 3499 261 3592 saria,
306 3497 460 3588 scilicet,
505 3496 753 3600 Baptismum‚
795 3483 1139 3584 Confirmationem,
1181 3498 1468 3592 Eucharistiam,

146 3617 438 3709 Paenitentiam,
477 3617 693 3694 Extremam
736 3619 960 3708 unctionem,
992 3614 1169 3694 Ordinem
1210 3626 1246 3692 et
1273 3619 1470 3694 Matrimo-

147 3739 250 3814 nium
280 3735 416 3837 illaque
443 3735 603 3838 gratiam
631 3735 814 3829 conferre;
845 3743 957 3812 etex
986 3733 1044 3810 his
1083 3735 1330 3836 Baptismum‚
1371 3737 1471 3814 Ocn-

146 3855 391 3932 rtrmationem
418 3859 458 3932 ct
483 3852 658 3932 Ordinem
687 3856 765 3931 sine
793 3851 986 3955 sacrilegio
1023 3853 1193 3930 reiterari
1231 3878 1306 3930 non
1346 3879 1467 3958 posse.

146 3977 333 4077 Receptus
360 3999 504 4075 quoque
532 3977 572 4050 et
600 3973 818 4074 adprobatus
846 3970 1033 4050 Ecclesiae
1059 3971 1266 4050 catholicae
1297 3974 1390 4050 ritus
1433 3976 1469 4050 in

145 4093 441 4195 supradictorum
461 4092 623 4166 onmium
640 4090 963 4167 Sacramentoruru
981 4090 1470 4170 solemniadministratione

146 4213 283 4314 recipio
310 4215 350 4286 et
376 4211 546 4288 admitto.
576 4207 712 4287 Omnia
740 4219 776 4284 et
803 4209 964 4310 singula,
997 4235 1088 4310 quae
1117 4211 1160 4285 de
1189 4216 1337 4312 peccato
1357 4212 1470 4314 origi-

147 4332 222 4409 nali
260 4334 300 4409 et
326 4333 373 4408 de
400 4329 660 4408 iustificatione
690 4331 728 4406 in
758 4354 920 4406 sacrosar
939 4338 992 4407 rta
1011 4331 1226 4406 Tridentino
1246 4331 1391 4431 Syncdo
1410 4335 1466 4408 de-

146 4450 251 4527 finita
278 4455 317 4526 et
333 4447 523 4526 declarata
540 4446 701 4538 fuerunt,
731 4450 931 4550 ar‘nplector
950 4454 987 4524 et
1009 4450 1158 4549 recipio.
1192 4449 1374 4527 Profiteor
1403 4477 1468 4552 pa·

146 4573 235 4648 riter
263 4569 301 4646 iu
331 4568 448 4646 Missa
475 4566 603 4646 offerri
630 4577 668 4646 θῖ
696 4571 773 4646 Deo
803 4593 944 4664 verum,
975 4569 1164 4672 proprium
1206 4574 1244 4643 et
1285 4571 1467 4672 propitia·
