3674 5210
320 194 362 262 bd
895 211 1059 260 nnnorurro

317 311 468 403 scimus,
500 335 593 413 quae
621 333 664 386 eo
692 319 859 412 spectant
888 321 927 385 ut
958 309 1139 385 ruariorum
1166 307 1443 386 tribulationum
1465 307 1542 386 dies
1571 307 1646 384 Ec·

317 431 451 508 clesiae
493 431 564 532 ipsi
599 432 848 520 adducantur,
893 429 949 504 vel
976 430 1233 530 promovendis
1261 431 1440 506 schismas
1482 433 1646 509 occasio-

317 551 428 628 nibus
454 551 515 627 ubi
546 548 660 627 futuri
690 549 881 626 Pontificis
909 547 1038 626 electio
1065 546 1253 645 inciderit,
1288 549 1347 624 vel
1376 549 1646 654 Episcoporum

316 672 381 772 qui
408 669 586 749 Ecclesiis
613 668 743 746 Italiae
772 673 945 770 praesunt
976 669 1181 770 spiritualis
1209 671 1443 748 auctoritatis
1480 699 1549 750 usu
1577 677 1647 752 im·

318 790 505 892 pediendo,
533 790 637 865 cuius
656 789 710 864 rei
743 813 855 865 causa
883 790 959 865 Nos
987 789 1186 865 novissime
1215 789 1401 866 declarare
1427 793 1545 870 coacti
1573 793 1648 871 tui·

318 939 415 1009 muS,
445 910 595 990 tolerari
624 933 730 1012 posse
757 913 800 987 ut
827 921 909 984 acta
937 911 1134 986 canonicae
1163 909 1409 988 institutionis
1433 915 1646 991 eorumdem

317 1033 584 1137 Episcoporum
626 1028 741 1107 laicae
783 1030 955 1132 potestati
994 1029 1262 1126 exhibeantur,
1294 1035 1338 1109 ad
1381 1036 1647 1111 occurrendum

316 1158 496 1258 quantum
527 1153 566 1228 in
595 1150 708 1229 Nobis
736 1154 802 1242 est,
838 1149 1097 1227 funestissimis
1124 1175 1246 1228 rerum
1275 1153 1468 1246 adiunctis,
1497 1155 1537 1230 in
1565 1154 1648 1256 qui-

317 1278 385 1352 bus
414 1297 488 1350 non
517 1273 675 1372 amplius
703 1273 882 1374 agebatur
917 1273 960 1348 de
1001 1271 1261 1374 temporalium
1299 1273 1476 1350 bonorum
1506 1299 1648 1376 posses-

318 1397 432 1486 sione,
465 1393 527 1469 sed
555 1393 656 1494 ipsae
686 1391 844 1468 fidelium
874 1393 1131 1478 eonscientiae,
1166 1417 1291 1470 aarum
1320 1416 1407 1494 pax,
1438 1394 1647 1472 animarum

318 1513 529 1620 procuratio
556 1517 594 1586 et
620 1513 733 1596 salue,
766 1533 859 1610 quae
887 1535 1058 1613 suprema
1085 1511 1200 1587 Nobis
1228 1511 1286 1587 lex
1314 1517 1381 1600 est,
1415 1511 1452 1588 in
1479 1517 1648 1613 apertum

318 1637 516 1716 discrimen
544 1631 786 1708 vocabantur.
822 1633 960 1707 Verum
989 1629 1025 1706 in
1057 1630 1125 1706 hoc
1151 1631 1249 1733 quod
1276 1631 1419 1731 egimus
1439 1631 1484 1706 ad
1503 1630 1650 1730 gravis-

319 1756 413 1830 sima
440 1751 605 1854 pericula
632 1751 870 1839 removenda,
900 1748 1020 1851 palam
1048 1773 1091 1824 ac
1119 1750 1249 1826 iterum
1281 1751 1432 1850 agnosci
1459 1750 1644 1840 volumus,
1725 1809 1729 1816 .

322 1871 396 1950 Nos
416 1873 595 1950 iniustam
611 1895 686 1946 earn
705 1868 819 1970 legem
840 1893 935 1969 quae
953 1870 1312 1973 repa'umplucttum
1331 1876 1483 1948 vocatur
1497 1871 1650 1947 omnino

319 1979 525 2096 improbare
553 2013 596 2066 ac
622 1989 811 2080 detestari,
831 1993 957 2088 aperte
982 1989 1210 2065 declarantes
1238 2015 1302 2091 per
1330 1992 1446 2092 ipsam
1463 1992 1570 2069 laedi
1593 1991 1651 2067 di·

320 2118 444 2194 vinam
473 2110 662 2190 Ecclesiae
691 2111 964 2204 auctoritatem,
987 2113 1138 2213 eiusque
1168 2110 1376 2188 libertatem
1396 2113 1541 2188 violari.

400 2235 493 2312 Post
518 2232 612 2309 haec
639 2234 762 2306 autem
801 2256 897 2332 quae
934 2232 1114 2308 hactenus
1160 2236 1395 2333 exposuimus
1435 2236 1652 2312 omittentes

322 2357 431 2460 plura
459 2353 545 2444 alia,
575 2354 620 2429 ad
648 2375 743 2450 quae
771 2350 992 2451 deploranda
1021 2377 1224 2428 sermonem
1253 2359 1420 2431 nostrum
1449 2356 1652 2457 producere

321 2500 510 2580 possemus
537 2471 623 2547 illud
655 2471 925 2572 petimusque
952 2473 1097 2548 ratione
1127 2473 1206 2548 lteri
1235 2475 1351 2574 possit
1378 2479 1420 2549 ut
1447 2473 1652 2552 Ecclesiam

321 2597 529 2697 gubernare
556 2590 743 2667 valeamus
771 2592 838 2666 sub
865 2591 1115 2668 dominatione
1134 2593 1309 2670 eiusmodi
1328 2596 1537 2696 potestatis
1557 2621 1653 2695 quae

323 2715 447 2791 omnia
475 2711 590 2790 Nobis
620 2709 737 2786 media
764 2715 801 2785 et
820 2710 1003 2812 praesidia
1021 2711 1064 2798 ad
1086 2712 1342 2814 apostolatum
1361 2719 1527 2792 nostrum
1548 2739 1650 2791 exer·

323 2837 476 2911 cendum
517 2833 751 2909 continenter
787 2831 938 2922 adimit,
971 2855 1115 2908 omnem
1146 2832 1244 2908 viam
1281 2834 1455 2928 obstruit,
1487 2858 1585 2910 nova
1614 2835 1654 2912 in

323 2952 401 3028 dies
429 2951 693 3052 impedimenta
721 2972 836 3024 novas
872 2948 1106 3026 difficultates
1133 2952 1360 3053 interponit,
1393 2976 1508 3030 novos
1537 2978 1654 3054 usque

324 3067 474 3169 laqueos
502 3068 727 3168 insidiasque
765 3067 943 3144 molituri
973 3067 1143 3146 Profecto
1185 3071 1260 3146 Nos
1297 3073 1387 3148 satis
1424 3073 1549 3149 mirari
1579 3099 1654 3150 non

325 3213 521 3290 possumus
548 3211 611 3262 eos
630 3187 800 3263 homines
818 3187 986 3288 reperiri,
1000 3214 1154 3289 quorum
1176 3190 1361 3267 nescimus
1375 3194 1501 3269 utrum
1521 3190 1654 3268 levitas

326 3333 374 3384 an
405 3307 547 3382 rnalitia
578 3307 693 3382 maior
722 3308 784 3394 sit,
809 3307 871 3407 qui
901 3308 979 3382 sive
1007 3332 1071 3408 per
1091 3307 1257 3408 publicas
1285 3309 1550 3408 ephemerides,
1575 3310 1655 3386 sive

327 3425 577 3529 peculiaribus
595 3422 743 3524 scriptis
763 3425 842 3500 sive
870 3427 1143 3526 impudentibus
1163 3428 1394 3504 sermonibus
1413 3427 1575 3529 plurium
1595 3453 1656 3504 oc-

326 3545 475 3622 casione
502 3549 750 3622 conventuum
782 3543 942 3636 habitis,
974 3549 1168 3622 obtrudere
1197 3554 1234 3621 et
1262 3548 1483 3647 persuadere
1512 3548 1654 3648 populis

327 3669 522 3757 conantur,
553 3669 783 3765 praesentem
814 3665 948 3740 summi
980 3664 1172 3740 Pontificis
1200 3666 1238 3742 in
1277 3668 1365 3742 urbe
1406 3666 1655 3743 conditionem

328 3783 436 3860 talem
466 3807 559 3875 esse,
584 3789 624 3857 ut
651 3783 762 3858 etiam
791 3783 1039 3859 subalterius
1068 3784 1264 3885 potestatis
1292 3785 1541 3860 dominatione
1570 3809 1656 3861 con·

328 3908 483 3983 stitutus
511 3906 619 4007 plena
647 3906 816 3983 libertate
844 3904 1004 4000 fruatur,
1037 3933 1081 3982 ao
1108 3907 1309 4007 tranquille
1336 3913 1375 3984 et
1403 3909 1510 4009 plene
1538 3910 1658 4010 possit

330 4051 395 4101 suo
424 4046 595 4126 supremo
622 4024 808 4125 spirituali
837 4025 996 4126 primatu
1020 4025 1203 4128 perfungi.
1229 4027 1283 4100 nr
1315 4051 1423 4127 quam
1445 4027 1657 4129 opinionem

329 4145 474 4250 publice
502 4143 789 4221 continuandam
827 4144 964 4221 nullam
1008 4147 1098 4221 elabi
1139 4147 1364 4222 occasionem
1407 4148 1536 4222 sinunt
1575 4149 1657 4224 sive

329 4289 412 4341 eum
441 4263 614 4364 Episcopi
643 4267 681 4338 et
709 4262 831 4340 fideles
859 4289 905 4339 es
933 4265 1071 4340 exteris
1100 4264 1218 4366 plagis
1247 4265 1291 4340 ad
1309 4267 1385 4341 Nos
1407 4266 1574 4342 visendos
1594 4293 1659 4342 ao·

330 4385 480 4468 cedunt,
511 4383 588 4458 sive
616 4407 698 4459 oum
733 4405 858 4459 eorum
891 4384 969 4483 pios
998 4391 1123 4458 coetus
1152 4385 1191 4460 in
1221 4390 1455 4485 conspectum
1485 4392 1657 4461 nostrum

331 4502 577 4597 admittimus,
610 4502 687 4577 sive
716 4525 798 4577 oum
827 4502 960 4604 impios
988 4525 1098 4578 ausus
1128 4512 1256 4579 contra
1286 4502 1489 4580 Ecclesiam
1511 4505 1659 4582 Nostris
