3670 5222
322 187 384 270 its
902 211 1087 274 ornament.

315 319 589 418 festivitatibus
618 315 773 422 intelligi
802 321 909 396 debet
935 322 1119 400 concessio
1148 322 1194 398 de
1221 321 1400 398 amardus
1424 324 1539 421 festis
1569 311 1644 396 Do·

319 447 421 516 mini
445 465 543 542 puae
569 441 811 516 celebrantur
831 442 877 516 ab
895 446 1080 518 universa
1101 441 1287 518 Ecclesia.
1310 443 1487 518 Attamen
1510 438 1646 516 festum

320 557 485 636 Coronae
513 559 671 661 Spineae
699 583 772 637 non
802 560 1008 636 celebratur
1035 561 1080 636 ah
1110 560 1283 638 univorsa
1311 558 1488 638 Ecclesia.

426 678 464 756 5.
495 685 532 754 et
560 676 599 754 6.
630 677 740 756 Festa
766 679 998 756 Inventionis
1025 683 1064 754 et
1092 678 1338 758 Exultationis
1366 679 1405 758 S.
1428 679 1561 758 Crucis
1578 676 1648 753 ha-

320 798 398 876 beri
426 805 616 900 nequeunt
644 823 708 874 ceu
736 796 832 875 festa
870 797 1013 875 itineris
1049 798 1133 876 Iesu
1169 797 1311 880 Christi
1352 798 1398 875 ad
1433 797 1645 878 Calvarium
1763 889 1766 896 Ι

321 942 481 1019 suaeque
506 918 766 994 crucifissionis
794 923 834 992 et
863 920 991 994 mortis
1030 919 1067 994 in
1103 941 1223 996 cruce.
1255 920 1313 996 Ad
1330 917 1378 996 id,
1406 917 1645 994 evincendum

322 1037 460 1116 sufficit
487 1045 529 1115 ut
557 1037 831 1140 perpendantur
858 1038 1014 1118 duorum
1034 1035 1208 1115 festorum
1229 1036 1426 1114 elementa:
1449 1037 1585 1112 etenim
1607 1035 1646 1111 in

322 1158 404 1236 istis
430 1158 612 1236 obiectum
634 1155 822 1232 materiale
841 1159 899 1232 est
917 1180 1023 1249 crux,
1046 1156 1178 1257 inqua
1197 1158 1299 1234 lesus
1318 1156 1490 1236 Christus
1510 1179 1649 1257 appen-

322 1304 384 1354 sus
402 1277 489 1372 fuit,
510 1300 677 1380 quaeque
696 1274 806 1352 eliam
829 1275 909 1352 lesu
927 1275 1106 1353 Crucifixi
1134 1275 1340 1376 symbolum
1374 1283 1643 1375 repraesentat.

320 1398 511 1478 Obiectum
547 1401 667 1474 autem
702 1399 871 1496 formale
906 1402 1165 1500 intrinsecum
1200 1396 1440 1474 constituitur
1477 1399 1522 1470 alr
1557 1392 1642 1483 hoc,

321 1519 417 1622 quod
444 1517 550 1598 Crux
577 1541 624 1592 ex
652 1515 924 1594 Sacratissimis
953 1518 1033 1592 lesu
1063 1515 1203 1594 Christi
1234 1515 1406 1609 menbris
1434 1521 1532 1590 tacta
1566 1513 1648 1594 fue·

322 1640 384 1717 rit.
417 1638 568 1739 eiusque
595 1636 756 1738 pretioso
785 1635 975 1736 Sanguine
1004 1633 1220 1712 madefacta.
1253 1621 1446 1711 Obiectum
1474 1633 1644 1732 forraale

321 1765 583 1836 ectetasecam
618 1755 700 1832 festi
736 1753 966 1832 Inventionis
1003 1757 1096 1856 apud
1134 1754 1305 1832 Latinam
1355 1752 1555 1828 Ecclesiam
1593 1749 1645 1826 nil

322 1878 421 1958 aliud
459 1883 516 1953 est
552 1899 661 1977 quam
694 1876 790 1976 quod
821 1873 860 1951 S.
894 1873 1006 1948 Elena
1025 1872 1178 1952 Crucem
1202 1873 1394 1974 repererit;
1416 1869 1499 1947 festi
1524 1877 1647 1947 autem

322 1977 589 2087 cantationis,
612 1997 708 2097 quod
726 1993 921 2070 Heraclius
957 1994 1122 2070 eamdem
1159 1992 1315 2072 Crucem
1356 1992 1644 2093 recuperaverit.

322 2122 483 2198 Tandem
516 2123 723 2217 mysticum
751 2115 937 2190 obiectum
963 2114 1117 2191 duorum
1146 2113 1324 2192 laetorum
1354 2119 1410 2190 est
1428 2112 1548 2216 gloria
1565 2116 1648 2193 Iesu

322 2236 514 2329 Crucifixi,
548 2235 757 2337 triumphus
785 2259 908 2335 quem,
932 2234 1032 2310 Iesus
1051 2235 1089 2309 in
1118 2257 1226 2312 cruce
1254 2237 1425 2326 moriens,
1461 2234 1601 2312 retulit.

402 2359 498 2434 Dum
528 2380 573 2432 ex
602 2354 756 2432 adverso
785 2377 850 2454 pro
878 2351 1063 2453 mysteriis
1090 2352 1223 2454 quibus
1251 2353 1415 2430 tribuere
1443 2353 1534 2430 haec
1553 2354 1650 2430 festa
1734 2356 1738 2364 '

322 2479 405 2582 quis
432 2476 563 2564 vellet,
596 2475 777 2552 obiectum
806 2473 999 2550 materiale
1025 2478 1082 2573 est
1109 2473 1211 2551 Iesus
1238 2473 1431 2567 Christus3
1462 2474 1654 2552 abiectum

321 2601 443 2676 autem
470 2594 640 2698 forlaale
667 2598 724 2671 est
750 2596 935 2671 sententia
960 2595 1103 2685 mortis,
1126 2594 1200 2670 iter
1217 2595 1263 2671 ad
1282 2593 1511 2686 Cdvarium,
1533 2593 1652 2670 sacri-

323 2716 445 2792 ficium
474 2713 620 2808 Crucis,
652 2711 749 2788 idest
777 2713 876 2789 iesus
904 2713 1076 2790 Christus
1105 2717 1221 2790 morte
1254 2713 1462 2802 damnatae,
1504 2710 1653 2816 gravis·

322 2837 416 2914 simo
443 2834 547 2936 ligno
574 2831 692 2909 crucis
720 2842 909 2918 oneratus,
940 2831 1078 2935 quique
1105 2833 1144 2909 in
1172 2857 1279 2910 cruce
1307 2835 1476 2913 moritur.

422 2949 461 3030 7.
493 2953 642 3030 Festum
672 2951 846 3030 Omnium
875 2954 1099 3031 Sanctorum
1136 2958 1194 3029 est
1222 2955 1370 3057 proprie
1400 2955 1530 3030 laetum
1569 2980 1652 3057 my·

323 3073 426 3148 sterii
454 3072 726 3176 decimiquinti;
756 3097 799 3150 eo
830 3076 926 3176 quod
954 3075 1003 3150 sit
1032 3075 1164 3152 festum
1183 3077 1366 3162 solemne,
1380 3085 1595 3181 proprium
1614 3083 1653 3154 et

322 3186 486 3294 speciale
515 3192 693 3270 Omnium
722 3194 941 3270 Sanctorum
969 3201 1007 3269 et
1033 3193 1079 3271 B.
1122 3196 1175 3272 M.
1217 3194 1402 3296 Virginis;
1442 3203 1518 3272 tum
1559 3199 1650 3296 quia

323 3311 405 3386 festi
434 3311 545 3388 huius
573 3313 757 3390 obiectum
788 3313 838 3389 sit
864 3313 985 3415 gloria
1011 3314 1174 3391 omnium
1205 3315 1425 3391 Sanctorum
1453 3322 1490 3390 et
1518 3314 1564 3390 B.
1599 3317 1646 3390 V.

323 3423 480 3508 Mariae.
513 3433 640 3533 Neque
668 3432 776 3508 obicii
804 3437 927 3535 potest
952 3437 1051 3536 quod
1079 3433 1219 3512 Baetae
1248 3437 1296 3512 V.
1337 3436 1392 3513 M.
1420 3435 1542 3536 gloria
1560 3435 1649 3511 cele·

324 3548 452 3626 bretur
480 3551 515 3625 in
545 3551 604 3627 die
633 3551 717 3627 festi
746 3554 1035 3656 Assumptionis,
1068 3580 1164 3656 quae
1183 3561 1241 3632 est
1260 3559 1302 3632 ut
1320 3556 1374 3634 ait
1398 3555 1536 3632 Bened.
1559 3555 1651 3632 XIV

320 3670 491 3771 ploricsa
520 3673 711 3773 quaedam
739 3679 893 3749 animae
921 3684 956 3749 et
974 3681 1148 3777 carparis
1165 3676 1372 3752 translatio
1391 3672 1443 3750 B.
1469 3673 1522 3750 Μ.
1564 3674 1653 3751 Vir·

320 3795 449 3890 piata·
478 3816 576 3892 qaae
604 3797 760 3894 reeicit.
793 3793 957 3870 Tandem
986 3793 1168 3871 obiectum
1189 3791 1274 3871 festi
1294 3795 1570 3895 Assumptionis
1594 3802 1652 3870 est

320 3912 466 3983 tantum
496 3909 616 4012 gloria
646 3911 832 4012 Virginis;
863 3911 946 3987 festi
976 3919 1099 3988 autem
1119 3914 1282 3990 omnium
1305 3913 1525 3992 Sanctorum
1547 3914 1654 3989 oilie·

319 4033 420 4104 ctum
450 4033 505 4105 est
531 4027 649 4129 gloria
679 4030 847 4131 Virginis
875 4056 942 4107 neo
962 4054 1036 4106 non
1055 4032 1273 4108 Sanctorum
1293 4032 1473 4116 omnium:
1494 4032 1650 4134 ideoque

321 4150 394 4225 duo
422 4148 658 4226 constituunt
685 4150 777 4226 festa
806 4152 902 4227 inter
931 4175 969 4226 se
997 4153 1187 4240 distincta.

400 4268 515 4361 Haec,
548 4268 693 4373 aliaque
721 4294 786 4372 per
814 4270 1071 4348 Consultorem
1100 4274 1257 4348 adducta
1285 4271 1402 4350 fuere.

400 4387 617 4466 Rasonumo
646 4391 760 4470 Sacra
786 4391 1034 4491 Congregatio
1062 4391 1308 4491 indulgentiis
1336 4395 1523 4495 sacrisque
1549 4391 1655 4470 Reli·

319 4505 415 4616 quiis
435 4511 658 4621 praeposita,
691 4509 826 4614 partim
857 4509 894 4586 in
924 4511 1091 4586 consitiis
1126 4511 1361 4614 generalibus
1399 4512 1535 4588 habitis
1556 4514 1661 4617 apud,
