3622 5240
349 269 392 338 rt
930 289 1088 340 occumuu

344 388 477 465 torium
507 384 733 464 Sacrificium
764 409 828 486 pro
859 387 952 462 vivis
979 395 1016 462 ct
1042 388 1237 480 defunctis,
1270 398 1381 494 atque
1406 391 1445 469 in
1474 393 1669 471 sanctissi-

342 545 402 598 mo
431 508 688 594 Eucharistiae
723 507 961 582 Sacraruento
995 527 1074 584 esse
1105 536 1206 605 rere,
1240 512 1385 589 realiter
1417 519 1456 590 et
1488 517 1663 592 substan-

342 640 484 717 tialiter
511 656 643 735 corpus
671 635 709 704 et
744 624 961 726 sanguinem
1003 653 1077 704 una
1112 655 1195 705 cum
1234 633 1359 710 anima
1396 641 1434 710 et
1469 637 1668 713 divinitate

344 757 495 838 Domini
523 750 644 832 nostri
673 750 750 825 lesu
779 745 934 824 Christi.
969 748 1121 849 fierique
1148 753 1421 831 conversionem
1450 757 1565 833 totius
1584 758 1669 834 sub·

343 879 502 960 stantiae
529 874 608 950 vini
636 870 674 946 in
703 868 935 968 sanguinem,
969 874 1374 967 quamconrersionem
1395 879 1577 957 catholica
1597 881 1668 959 Ec-

345 1004 459 1081 clesia
485 990 917 1076 transubstantiationem
947 989 1119 1092 appellat.
1152 993 1287 1070 Fateor
1314 997 1427 1073 etiam
1455 1002 1523 1076 sub
1549 1003 1671 1079 altera

346 1129 492 1201 tanturn
525 1119 644 1220 specie
681 1118 800 1191 totum
839 1116 951 1211 atque
990 1108 1177 1212 integrum
1215 1113 1421 1208 Christum,
1465 1142 1671 1222 verumque

346 1244 622 1324 Sacramentum
651 1233 762 1310 sumiss
793 1234 1018 1313 Constanter
1046 1238 1151 1306 tenco
1182 1233 1444 1334 Purgatorium
1469 1265 1561 1326 esse,
1586 1242 1672 1316 ani.

346 1387 499 1465 masque
526 1360 576 1436 ibi
603 1359 771 1433 detentas
814 1351 969 1428 fidelium
1008 1349 1196 1452 suffragiis
1234 1357 1369 1432 iuvari.
1411 1359 1590 1436 Similiter
1633 1373 1672 1438 et

347 1489 501 1566 Sanctus
528 1505 603 1557 una
630 1491 711 1552 oum
740 1474 890 1552 Christo
920 1477 1116 1574 regnantes
1147 1479 1375 1552 venerandos
1412 1492 1524 1581 atque
1564 1483 1671 1557 invo-

346 1609 482 1685 candos
510 1627 605 1691 esse,
640 1620 774 1698 eosque
810 1593 995 1671 orationes
1032 1593 1108 1668 Deo
1143 1616 1208 1694 pro
1244 1597 1350 1673 nobis
1386 1597 1519 1674 offerre
1558 1609 1672 1700 utque

348 1752 474 1806 eorum
503 1723 677 1824 reliquias
704 1741 784 1792 esse
822 1715 1059 1788 venerandas.
1107 1713 1281 1793 Firmiter
1321 1741 1446 1796 assero
1485 1720 1669 1818 imagines

347 1847 488 1929 Christi
515 1869 558 1920 ac
585 1841 769 1939 Deip-arae
798 1859 940 1936 semper
969 1833 1152 1934 Virginis,
1185 1858 1251 1911 neo
1280 1861 1353 1913 non
1381 1837 1535 1914 aliorum
1575 1840 1674 1917 San-

347 1982 488 2047 ctorum
517 1964 702 2041 habendas
728 1965 766 2034 et
794 1955 1004 2031 retinendas
1032 1978 1125 2047 esse,
1158 1959 1269 2054 atque
1307 1956 1362 2031 eis
1400 1959 1564 2034 debitum
1606 1961 1673 2036 ho·

348 2113 475 2168 norem
505 2111 547 2162 ac
575 2079 849 2158 venerationem
880 2073 1176 2174 impertiendam.
1209 2074 1526 2175 indulgentiarum
1556 2080 1672 2156 etiam

351 2213 564 2311 potestatem
594 2229 617 2278 a
642 2200 792 2278 Christo
820 2198 856 2271 in
886 2193 1053 2270 Ecclesia
1080 2193 1248 2271 relictam
1283 2193 1406 2285 fuisse,
1451 2195 1673 2298 illarumque

352 2355 455 2406 usum
485 2322 699 2402 Christiano
727 2315 860 2419 populo
891 2313 1047 2389 maxime
1075 2311 1275 2388 salutarem
1297 2339 1376 2391 csse
1396 2317 1554 2392 athrmo.
1577 2317 1675 2395 San·

349 2461 461 2534 ctam,
494 2444 713 2522 catholicam
740 2442 779 2514 et
797 2433 1033 2537 apostolicam
1058 2435 1260 2510 Romanam
1283 2434 1484 2510 Ecclesiam
1505 2438 1675 2512 onmium

349 2569 582 2648 ecclesiarum
613 2565 766 2637 matrem
795 2560 834 2631 et
861 2554 1076 2654 magistram
1108 2577 1280 2652 agnoscO,
1308 2553 1550 2655 Romanoque
1573 2557 1677 2631 Pou-

349 2691 437 2767 titlci
460 2687 555 2765 beati
578 2682 678 2760 Petri
696 2676 953 2780 Apostolorum
972 2672 1160 2772 Principis
1181 2674 1382 2750 successori
1400 2700 1443 2750 ac
1458 2677 1540 2750 lesu
1558 2675 1675 2752 Chri-

348 2811 395 2885 sti
427 2807 576 2884 Vicario
607 2825 728 2878 veram
757 2795 1003 2874 obedientiam
1033 2796 1192 2892 sponrleo
1220 2819 1264 2869 ao
1291 2793 1387 2870 iuro.

429 2925 585 3004 Caetera
612 2921 699 2998 item
728 2916 851 2993 omnia
889 2939 911 2988 a
947 2914 1061 2987 sacris
1103 2909 1317 2987 Canonibus
1353 2915 1392 2987 et
1429 2913 1676 2988 oecumenicis

350 3046 539 3134 Consiliis,
572 3069 615 3119 ac
644 3041 839 3142 praecipue
866 3060 890 3110 a
916 3043 1150 3111 sacrosancta
1178 3037 1208 3109 Τ
1211 3031 1400 3110 rirleutina
1429 3035 1591 3134 Synodo.
1636 3041 1677 3110 et

350 3171 397 3252 ab
425 3165 659 3243 oecumenico
688 3158 854 3238 Concilio
887 3155 1071 3230 Vaticano
1100 3154 1253 3242 tradita,
1285 3153 1435 3230 definita
1473 3179 1516 3228 ac
1553 3156 1677 3228 ‹tecla-

351 3293 448 3379 rata,
480 3283 694 3389 praesertim
724 3283 767 3355 de
797 3275 955 3354 Romani
984 3263 1178 3351 Pont'iticis
1209 3271 1377 3348 Primam
1410 3283 1449 3348 et.
1484 3271 1676 3349 infallibili

353 3407 575 3509 magisterio,
609 3400 859 3480 indubitanter
886 3395 1024 3498 recipio
1047 3396 1158 3493 atque
1177 3394 1368 3492 profiteor;
1389 3391 1572 3494 simulque
1593 3416 1678 3469 con-

351 3529 468 3606 traria
495 3525 631 3615 omma,
665 3531 774 3622 atque
803 3521 973 3594 haereses
1000 3537 1249 3616 quascumque
1269 3513 1315 3588 ab
1336 3511 1500 3588 Ecclesia
1519 3513 1679 3588 damna-

351 3657 410 3727 tas
438 3654 475 3724 et
501 3647 656 3723 reiectas
685 3653 722 3718 et
749 3638 1082 3718 anathematizatas
1111 3659 1179 3736 ego
1199 3633 1340 3733 pariter
1358 3633 1504 3720 (terune,
1530 3633 1673 3720 reiicio,

351 3780 388 3848 et
415 3767 700 3848 anathematizo.
732 3764 838 3840 Hanc
869 3785 992 3836 veram
1021 3756 1237 3831 catholicam
1268 3754 1388 3843 fidant,
1420 3757 1527 3828 extra
1563 3779 1677 3851 quam

352 3916 459 3968 nemo
488 3889 613 3966 salvus
642 3909 722 3961 esse
750 3889 881 3985 potest,
914 3905 1024 3982 qnam
1053 3877 1091 3954 iu
1123 3877 1307 3976 praesenti
1337 3883 1466 3974 sponte
1499 3873 1679 3974 profiteor

352 4019 391 4089 ot
419 4010 597 4086 veraciter
626 4015 745 4096 teneo,
778 4004 938 4080 eamdem
968 4001 1149 4098 integram
1179 4006 1215 4070 et
1243 3992 1515 4069 inuuaculatam
1557 4018 1679 4094 usque

353 4133 397 4208 ad
426 4138 631 4206 extremum
661 4128 760 4202 vitae
787 4125 972 4225 spiritum,
1007 4113 1322 4202 constantissime,
1355 4112 1431 4188 Deo
1452 4111 1675 4205 adiuvante,

354 4251 512 4327 retinere
541 4257 578 4326 ct
605 4245 785 4335 confiteri,
818 4247 928 4344 atque
956 4267 979 4316 a
1008 4239 1096 4314 meis
1125 4235 1279 4312 subditis
1308 4259 1371 4308 seu
1402 4234 1485 4316 illis,
1518 4256 1681 4332 quorum

353 4397 443 4449 cura
469 4371 512 4448 ad
543 4395 598 4446 me
627 4369 665 4446 in
694 4389 845 4443 munere
867 4387 944 4436 meu
964 4359 1154 4460 spectabit,
1180 4354 1295 4429 teneri
1318 4371 1354 4426 et
1368 4343 1488 4427 'doceri
1511 4357 1549 4426 et
1571 4377 1682 4452 prae-

354 4491 481 4583 dicari,
504 4493 685 4593 quantum
715 4489 753 4563 in
782 4511 839 4559 mc
867 4483 952 4566 erit,
987 4489 1200 4555 curaturum
1231 4499 1297 4574 ego
1318 4474 1408 4548 idem
1432 4475 1477 4547 N.
1498 4473 1677 4572 spondeO,

354 4635 470 4690 voveo
484 4636 528 4688 ao
541 4613 636 4689 iuro.
652 4608 715 4687 Sic
731 4633 785 4682 me
798 4607 895 4682 Deus
911 4603 1072 4690 adiuvet,
1084 4610 1121 4672 et
1136 4595 1227 4671 haec
1241 4601 1369 4670 sancta
1385 4592 1452 4666 Dei
1468 4591 1678 4690 artingelia.
