3674 5210
340 217 383 287 tt
914 241 1061 289 11111111
1085 241 1110 292 r.

337 337 469 415 salaria,
492 355 549 402 seu
577 355 729 422 expensas
761 337 867 404 medio
892 338 973 403 iura·
1027 325 1102 406 num
1127 342 1282 428 exigatur,
1297 339 1444 408 volumus
1458 338 1666 410 nibilominus

337 452 446 508 mento
470 441 644 508 Creditoris
673 443 892 528 liquidandas‚
920 454 973 509 aut
1027 445 1292 532 quandocumque
1324 446 1486 513 redditum
1521 449 1663 536 extingui

333 565 405 614 rem
423 547 539 616 censui
554 548 740 625 subiectam,
753 550 820 614 sive
836 550 973 634 aliquam
1027 569 1141 636 posse,
1167 552 1294 636 praevia
1330 561 1435 618 tamen
1459 573 1586 638 semper
1610 555 1665 620 cle-

338 655 406 724 eius
427 664 551 740 partem
574 657 733 734 amittere,
751 667 805 722 aut
825 657 910 721 aliud
927 658 973 724 ius
1026 657 1153 732 nuncia,
1178 656 1219 723 de
1243 676 1303 744 qua
1325 678 1439 743 snpra,
1466 672 1498 724 et
1521 679 1585 726 non
1611 661 1666 726 ob-

336 781 377 830 ex
400 762 514 830 eodem
545 773 729 841 contractu,
755 763 821 828 sire
844 762 972 828 aliunde
1025 762 1179 828 stantibus
1191 762 1250 840 bis,
1261 761 1302 829 de
1316 765 1430 848 quibus
1443 785 1549 852 snpra3
1567 765 1665 852 idque

336 871 522 955 acquisitum
545 869 696 956 perdere,
709 883 763 936 ant
778 871 810 936 in
833 870 970 955 aliquam
1026 865 1184 932 observari
1210 868 1392 935 mandamus
1420 870 1511 936 etiam
1538 891 1601 955 qno
1626 871 1665 938 ad

334 994 472 1064 poenam
496 975 622 1055 cadero,
641 995 680 1042 er
704 986 772 1045 toto
795 976 884 1042 irrita
895 974 970 1054 sint,
1019 959 1159 1060 pluries,
1171 995 1204 1038 11
1216 975 1338 1060 pluries
1350 975 1574 1043 denunciatum
1590 977 1665 1045 luia·

335 1093 369 1152 11
391 1083 490 1151 nulla.
1025 1091 1097 1158 set,
1123 1101 1182 1148 nec
1214 1101 1353 1167 unquam
1377 1083 1507 1151 effectus
1537 1093 1666 1154 secutus

379 1193 412 1257 8.
438 1190 550 1266 Immo,
575 1195 607 1254 et
632 1189 769 1254 densum
792 1186 914 1274 augeri,
938 1195 973 1254 et
1025 1185 1147 1255 luisset.

334 1313 455 1363 norum
477 1296 573 1363 creari
590 1311 688 1380 super
702 1293 828 1371 eadem,
845 1294 897 1359 rel
913 1294 971 1359 alia
1072 1297 1124 1360 11.
1151 1298 1238 1360 Pacta
1262 1295 1356 1362 etiam
1380 1297 1574 1363 continentia
1590 1315 1666 1383 pre·

334 1419 370 1468 ro
393 1402 427 1467 in
450 1400 590 1468 levorem
613 1399 771 1477 eiusdem,
788 1409 841 1465 aut
862 1417 973 1486 porso-
1024 1400 1106 1466 tium
1131 1403 1249 1468 Census
1284 1413 1372 1468 extra
1406 1421 1511 1469 casum
1538 1403 1665 1490 praedi-

334 1527 392 1576 nao
416 1527 475 1595 per
492 1526 565 1574 eum
588 1506 771 1593 suppositae
784 1524 845 1592 pro
863 1505 972 1573 Gensi-
1024 1515 1135 1584 ctum,
1160 1508 1198 1575 ab
1222 1507 1347 1586 inrito,
1372 1518 1425 1574 aut
1449 1508 1488 1574 ob
1511 1528 1662 1594 poenam,

333 1615 392 1681 bus
416 1615 579 1700 temporis,
593 1615 645 1680 111
662 1613 839 1700 praeteriti,
853 1613 905 1679 rel
922 1612 973 1678 lu·
1024 1622 1078 1678 aut
1101 1611 1141 1680 ob
1165 1615 1255 1679 aliam
1279 1633 1402 1680 cansam
1431 1614 1531 1699 repeti
1556 1631 1662 1700 posse,

334 1723 410 1798 turi,
436 1722 565 1788 omnino
587 1719 806 1804 probibemus.
1025 1719 1155 1785 omnino
1178 1718 1399 1804 prohibemus.

379 1829 411 1894 9.
439 1829 537 1896 Sicuti
561 1828 657 1894 etiam
670 1826 867 1893 annullamus
881 1833 971 1910 pacta
1071 1829 1125 1893 13.
1152 1827 1403 1910 contractusque
1418 1824 1477 1890 sub
1490 1824 1547 1891 alia
1565 1824 1663 1890 lorma

336 1933 531 2000 continentia
568 1933 739 1999 solutiones
775 1949 906 1999 onerum
931 1929 970 1995 ad
1024 1931 1154 2020 posthac
1167 1931 1371 1999 celebrandos
1388 1929 1665 1997 loenemtitiosiu-

334 2060 408 2105 eum
429 2049 597 2123 spectare,
622 2036 661 2103 ad
692 2057 786 2123 quem
822 2037 895 2101 alias
930 2034 971 2101 de
1025 2039 1178 2115 dicamus,
1196 2048 1229 2103 et
1253 2039 1294 2102 ita
1321 2038 1381 2102 illis
1403 2048 1575 2122 propterea
1598 2054 1665 2106 nort

335 2145 428 2221 iure,
454 2154 487 2209 et
510 2160 550 2208 ex
573 2155 681 2209 natura
706 2152 882 2207 contractus
905 2159 971 2208 non
1025 2143 1232 2220 obstantibus,
1247 2141 1405 2229 quidquid
1422 2144 1473 2207 vel
1498 2159 1663 2227 expresse,

332 2261 525 2337 spectarent.
1025 2251 1077 2316 rel
1101 2251 1194 2314 tacite
1217 2259 1326 2314 contra
1345 2249 1423 2313 baec
1446 2257 1552 2314 nostra
1576 2265 1666 2311 man-

381 2362 433 2426 10.
458 2362 619 2425 Postremo
651 2359 770 2424 Census
804 2374 913 2423 omnes
937 2355 970 2421 in
1024 2356 1095 2423 data
1119 2356 1199 2434 dari,
1226 2357 1357 2431 remitti,
1376 2366 1429 2420 aut
1451 2354 1567 2421 dimitti
1590 2373 1667 2418 con-

334 2465 478 2532 iuturum
502 2465 653 2532 creandos
676 2483 740 2530 non
763 2464 865 2530 solum
891 2462 969 2529 rein
1025 2466 1124 2554 tingat
1147 2484 1163 2529 a
1186 2462 1261 2528 fisco
1284 2464 1432 2528 volumus
1466 2480 1558 2548 posse
1593 2459 1668 2524 vin·

335 2584 448 2650 tolum,
466 2575 517 2638 111
533 2590 592 2657 pro
608 2583 697 2659 parte
719 2581 898 2656 perempta,
917 2578 971 2634 aut
1025 2570 1137 2635 dicari.

336 2679 525 2745 infructuosa
551 2685 581 2743 in
606 2686 720 2754 totum,
739 2677 790 2741 vel
806 2696 863 2763 pro
880 2685 970 2762 parto
1071 2678 1122 2741 11.
1150 2676 1235 2738 Hanc
1251 2683 1357 2738 autem
1380 2670 1574 2738 salutiferam
1597 2689 1666 2736 san·

328 2779 463 2862 1111111,
489 2786 634 2849 volumus
665 2781 703 2848 ad
728 2793 824 2847 ratam
848 2783 967 2866 perire,
1024 2787 1162 2852 ctionem
1194 2780 1314 2846 nedum
1343 2783 1376 2846 in
1401 2784 1503 2846 Gensn
1539 2778 1666 2843 noviter

332 2891 388 2957 sed
414 2893 506 2956 etiam
530 2909 621 2975 posse
644 2907 704 2974 pro
727 2887 841 2953 eodem
865 2886 970 2974 pretio
1024 2887 1176 2965 creando,
1190 2906 1302 2951 rerum
1316 2887 1410 2951 etiam
1425 2887 1455 2949 in
1469 2893 1574 2949 creato
1588 2901 1666 2967 quo·

334 2997 490 3084 extingui.
516 2999 586 3062 Non
618 2995 760 3061 obstante
796 2991 969 3080 longissimi
1024 3013 1162 3078 cumque
1188 3005 1332 3078 tempore
1356 2987 1541 3066 alienando,
1567 2987 1665 3054 modo

334 3105 427 3171 etiam
451 3105 627 3190 temporis,
652 3123 686 3166 11
713 3100 968 3176 immemorabili,
1023 3112 1095 3189 post
1137 3099 1382 3186 publicationem
1423 3095 1665 3161 Constitutionis

333 3210 431 3276 immo
448 3221 588 3286 centum,
604 3218 636 3273 ot
650 3207 792 3292 plurium
815 3223 970 3272 annorum
1024 3217 1146 3272 creatus
1167 3205 1220 3280 sit,
1235 3213 1405 3290 perpetuo,
1421 3210 1454 3265 11
1470 3202 1501 3266 in
1518 3198 1665 3264 omnibus

332 3316 594 3403 praescriptione,
609 3333 673 3379 non
699 3311 892 3378 obstantibus
915 3308 971 3374 ali·
1023 3309 1141 3376 servari
1167 3307 1325 3372 volumus.

333 3420 449 3508 quibus
472 3421 569 3506 pactis
586 3419 706 3484 directe
725 3419 817 3484 talem
843 3418 972 3482 laculta-
1071 3420 1123 3481 tat.
1157 3414 1354 3478 Declarantes
1386 3411 1525 3496 pretium
1563 3411 1664 3476 semel

334 3541 400 3594 tem
439 3527 677 3603 auferentibus,
714 3524 970 3610 quibuscumque
1026 3521 1140 3591 Gensui
1158 3518 1364 3584 constitutum
1382 3536 1555 3602 numquam
1571 3535 1664 3602 posse

333 3634 438 3699 verbis
460 3643 514 3698 aut
538 3631 691 3698 clausulis
719 3641 870 3715 concepta
894 3631 968 3694 sint.
1025 3627 1066 3692 ob
1091 3638 1296 3710 temporum,
1321 3635 1374 3688 aut
1410 3620 1663 3686 contrahentium

379 3745 432 3806 11.
459 3742 538 3805 Cum
562 3756 640 3801 1111
674 3735 842 3801 traditione
875 3736 968 3821 pretii
1025 3732 1222 3817 qualitatem,
1239 3749 1296 3794 seu
1320 3727 1404 3793 aliud
1428 3725 1585 3800 accidens,
1605 3744 1664 3789 noc

334 3843 477 3910 redditus
489 3840 724 3927 extinguendus
737 3843 810 3917 erit,
826 3842 971 3914 volumus
1025 3857 1089 3922 quo
1113 3835 1151 3902 ad
1169 3835 1280 3900 ultimo
1300 3835 1521 3899 contrahentes
1547 3830 1662 3908 minui,

333 3974 392 4041 per
415 3952 565 4018 bimestre
582 3962 654 4015 anto
672 3950 704 4015 id
724 3948 907 4015 denunciari
928 3949 968 4016 ei,
1024 3944 1076 4007 111
1101 3940 1223 4028 augeri.

333 4061 382 4125 cui
407 4059 547 4144 pretium
571 4055 710 4122 dandum
734 4056 817 4132 erit,
846 4066 878 4118 et
901 4063 971 4141 post
1073 4053 1125 4114 ld.
1145 4052 1183 4112 Et
1195 4047 1271 4111 licet
1285 4051 1401 4132 Legem
1420 4045 1517 4128 ipsam
1534 4042 1572 4106 ad
1591 4061 1668 4106 con-

333 4163 522 4230 denunciam
536 4162 615 4226 intra
629 4177 745 4225 annum
759 4171 864 4224 tarnen
877 4161 972 4223 etiam
1026 4167 1142 4222 tractus
1159 4155 1220 4218 iarn
1238 4154 1410 4217 celebratos
1425 4171 1490 4216 non
1515 4149 1668 4214 extenda-

332 4271 372 4338 ab
397 4271 496 4335 inrito
519 4269 657 4352 pretium
682 4267 784 4350 repeti
809 4286 913 4352 posse,
939 4277 970 4330 et
1025 4283 1115 4340 mus;
1141 4260 1211 4324 illos
1241 4270 1344 4322 tamen
1370 4276 1502 4333 ornnes,
1531 4257 1562 4321 in
1586 4275 1667 4340 qnos
1693 4317 1700 4336 ,

334 4377 387 4444 ubi
400 4377 553 4464 pretium,
572 4393 631 4438 nec
646 4375 756 4438 rolens
773 4372 854 4436 intra
871 4371 972 4436 bime·
1025 4370 1083 4433 sub
1096 4368 1153 4432 alia
1178 4365 1276 4429 lorino
1296 4373 1511 4448 pervenerunt
1531 4366 1663 4440 Census,

333 4493 398 4552 1111
420 4484 605 4561 1111111111
628 4480 666 4546 ab
690 4479 790 4546 inrito
816 4480 896 4544 intra
920 4487 991 4542 an-·
1026 4474 1188 4540 hortamur
1220 4475 1252 4537 in
1281 4473 1436 4549 Doctrina,
1464 4483 1497 4536 ut
1524 4471 1668 4558 singulos
