3670 5222
561 234 651 284 suren
677 235 879 282 succensens
904 235 1050 284 sanemur
1408 214 1470 286 tie

141 335 330 442 Operatur
357 339 460 409 enim
499 338 543 409 in
570 333 760 408 er'usmorlr'
803 339 1002 434 mysteriis
1037 333 1324 436 distributione
1364 343 1469 409 cerlo

137 484 227 536 sune
229 455 495 562 plenitudinis
515 477 633 555 qurum
647 459 729 556 ipse
747 455 887 530 eisdem
907 455 990 555 lopo
1011 455 1217 554 infallibili
1231 457 1466 557 olliqooita

138 577 308 656 Harduin
336 585 425 650 tom.
458 574 501 650 7.
533 573 604 648 col.
635 571 738 648 862.

214 695 342 773 Intitio
368 693 505 770 saeculi
538 689 586 767 16
613 694 774 768 nondum
803 699 884 768 erat
927 693 1078 770 omnino
1119 693 1256 769 abolita
1293 690 1472 770 eiusmodi

139 813 350 900 sententia;
381 811 533 911 ideoque
561 813 641 886 tum
671 809 845 890 Urbanus
876 810 959 888 VIII
987 810 1026 886 in
1055 811 1128 886 suis
1169 813 1325 888 decretis
1372 833 1472 886 anno

148 931 243 1010 1626
274 930 530 1034 promulgatis,
563 937 642 1005 tum
673 927 711 1006 S.
742 927 786 1007 O.
819 931 958 1029 Oongr.
990 928 1074 1004 aliis
1102 932 1260 1006 decretis
1287 931 1394 1008 editis
1413 928 1473 1007 die

140 1055 190 1130 25
218 1055 299 1133 Ian.
327 1047 427 1126 1659
456 1052 495 1124 et
526 1047 574 1126 13
602 1049 775 1126 Decemb.
799 1047 958 1125 eiusdem
976 1051 1063 1126 anni
1085 1051 1184 1126 illam
1207 1050 1465 1152 profligarunt.

218 1175 454 1274 Quapropter
482 1170 735 1247 indubitatum
763 1171 912 1247 videtur
938 1175 1035 1272 quod
1080 1175 1280 1250 remedium
1324 1170 1475 1274 aliquod

143 1297 187 1370 sit
215 1292 462 1371 adhibendum
492 1295 621 1367 contra
641 1291 946 1368 consuetndInem
962 1292 1206 1370 introductam
1230 1294 1325 1394 apud
1347 1292 1471 1393 plures

144 1412 333 1491 Amerioae
360 1411 585 1500 Dioeceses;
614 1410 781 1511 quiuimo
811 1435 929 1513 neque
959 1411 1204 1515 incongruum
1233 1411 1364 1501 videri,
1396 1409 1471 1488 sal·

144 1543 213 1611 tem
245 1533 290 1609 ad
318 1529 532 1619 cautelam,
565 1531 789 1606 exorandum
816 1555 894 1607 esse
924 1530 1080 1610 SSmum
1110 1537 1150 1606 ut
1178 1534 1384 1608 condonare
1411 1553 1478 1605 ve·

145 1652 187 1728 lit
214 1649 389 1754 quidquid
418 1649 455 1723 in
484 1671 528 1722 ea
555 1672 596 1722 re
623 1651 764 1723 temere
801 1647 959 1726 tortasse
994 1650 1033 1727 iu
1073 1654 1306 1727 antecessum
1355 1653 1480 1726 actum

146 1773 271 1850 luerit
305 1771 432 1869 Neque
461 1791 527 1868 pro
554 1765 683 1844 futuro
710 1774 877 1870 tempore
906 1769 1076 1846 sulficere
1095 1795 1203 1872 posse
1222 1769 1368 1848 videtur
1386 1792 1481 1846 cau·

147 1889 330 1980 telesilla,
364 1913 459 1989 quae
488 1887 674 1988 proposita
719 1885 875 1965 affertur
921 1890 959 1965 In
988 1890 1209 1991 quibusdam
1240 1889 1481 1966 Dioecesibus

148 2015 288 2088 statuto
316 2008 486 2112 synodali
507 2032 516 2098 ;
548 2011 589 2084 ut
616 2031 747 2108 nempe
767 2008 996 2086 Missionarii
1017 2009 1174 2111 singulis
1194 2010 1302 2086 annis
1321 2011 1482 2088 debeant

148 2135 345 2236 diligenter
372 2130 541 2206 fidelibus
587 2131 731 2232 aperire
768 2133 862 2234 quod
896 2133 1005 2210 unica
1043 2132 1107 2208 illa
1149 2132 1266 2210 Missa
1303 2135 1478 2208 cantatur

150 2268 186 2342 in
214 2255 273 2331 die
300 2250 672 2332 Oonrmemorationis
699 2250 875 2328 Omnium
903 2252 1087 2331 Fidelium
1118 2253 1384 2330 Itelunctorum
1412 2275 1481 2354 pro

151 2381 229 2451 tota
256 2372 321 2449 illa
350 2371 504 2473 pecunia
531 2395 627 2472 quae
668 2373 926 2449 contribuitur.
959 2373 1055 2449 Nam
1084 2397 1147 2475 per
1177 2397 1255 2448 eam
1300 2370 1483 2448 cautelam

153 2519 272 2594 neque
300 2517 429 2568 omnes
457 2489 806 2567 fidelesofferentes
846 2516 922 2567 rem
969 2515 1120 2568 noscere
1165 2500 1335 2592 queunt;
1366 2516 1485 2592 neque

154 2611 305 2690 retineri
337 2615 457 2712 potest
484 2613 580 2712 quod
611 2611 768 2711 positum
798 2611 848 2686 sit
875 2613 915 2688 in
943 2613 1126 2690 communi
1167 2612 1338 2714 Episcopi
1384 2617 1488 2712 pote·

156 2737 265 2824 state,
296 2738 461 2808 statuere
489 2755 592 2831 posse
621 2755 685 2832 per
712 2732 891 2808 eiusmodi
921 2729 1255 2810 manifestationem
1285 2755 1350 2833 pro
1392 2730 1489 2810 elee-

157 2877 309 2956 mosyna
337 2851 447 2928 unius
475 2853 613 2927 Missae
641 2856 813 2930 cantatae
841 2856 985 2931 tantam
1016 2853 1208 2957 pecuniam
1251 2854 1305 2929 sio
1349 2853 1489 2930 contri-

157 2980 283 3054 butam
314 2970 506 3076 applicari.
539 2974 669 3050 Tutior
706 2972 866 3051 fortasse
893 2975 1081 3074 videretur
1115 2975 1209 3052 ratio
1237 2976 1267 3052 si
1308 2976 1489 3078 perpetuo

157 3099 195 3174 iu
223 3093 361 3197 templo
406 3091 556 3170 Tabella
596 3097 844 3194 exponeretur
888 3118 984 3194 quae
1011 3092 1216 3199 declararet
1250 3094 1365 3171 talem
1409 3115 1490 3168 esse

158 3240 264 3292 usum
293 3213 394 3290 illius
421 3212 600 3315 pecuniae
626 3237 722 3316 quae
749 3239 770 3288 a
802 3213 965 3291 fidelibus
992 3212 1253 3292 contribuitur.
1284 3213 1365 3290 Hoc
1391 3213 1488 3288 enlm

160 3339 267 3436 paeto
294 3332 413 3410 cuivis
439 3355 499 3408 res
526 3335 607 3409 tota
648 3331 918 3428 innotesceret,
963 3338 1002 3409 et
1028 3331 1196 3435 quisquis
1223 3339 1333 3436 prout
1372 3331 1488 3408 eidem

162 3454 330 3530 libuisset
356 3453 604 3530 obsecundare
631 3477 719 3529 suae
748 3453 879 3554 pietati
912 3461 1049 3554 posset.
1379 3541 1386 3557 ⁸

242 3569 299 3649 [n
327 3593 425 3656 onan
466 3593 736 3648 consunrnnnn
781 3595 929 3650 navans
968 3595 1171 3650 nonnrun.
1221 3573 1492 3648 Verumtamen

161 3716 276 3793 quum
295 3689 473 3767 eiusmodi
503 3690 727 3766 consuetudo
755 3688 997 3768 offerentibus
1014 3690 1138 3790 aliquo
1158 3690 1264 3766 modo
1282 3688 1496 3766 innotescat

163 3810 260 3887 haud
290 3809 483 3885 videretur
510 3805 677 3884 absolute
704 3807 890 3909 prohiberi
914 3833 1035 3911 posse;
1065 3805 1315 3908 praesumitur
1333 3807 1431 3882 enim
1452 3805 1495 3879 fl-

163 3928 260 4006 deles
275 3927 484 4003 consentire
505 3931 546 4002 ut
563 3952 631 4029 pro
649 3933 729 4004 tota
748 3928 811 4004 illa
830 3929 987 4030 pecunia
1006 3931 1179 4004 cantetur
1197 3927 1307 4004 unica
1326 3927 1496 4003 Missam

164 4050 223 4125 die
237 4046 607 4127 Commemorationis
622 4049 788 4122 omnium
804 4045 985 4124 Fideliun.
1002 4045 1280 4122 Defunctorum.
1300 4043 1495 4122 Missiona·

167 4167 213 4243 rii
240 4165 343 4246 illius
370 4165 545 4266 regionis,
568 4165 631 4267 qui
647 4167 759 4241 etiam
781 4191 907 4242 curam.
937 4165 1146 4241 animarum
1162 4163 1316 4254 habent,
1339 4163 1496 4240 forsitan

167 4287 336 4389 Indigent
350 4283 489 4362 auxilio
508 4285 587 4360 sive
607 4308 673 4388 pro
694 4309 747 4376 se,
770 4286 848 4361 sive
861 4308 926 4385 pro
942 4283 1182 4386 pauperibus3
1204 4289 1241 4358 et
1260 4282 1385 4359 fideles
1404 4281 1499 4358 divi-

168 4413 237 4503 tes,
267 4407 404 4486 hocin
434 4407 623 4499 adiuncto,
646 4405 834 4506 ingentem
864 4405 1000 4479 eisdem
1030 4403 1206 4504 pecuniae
1224 4403 1296 4478 vim
1316 4400 1494 4480 offerunt:

170 4551 261 4629 quae
288 4527 459 4628 elargItio
488 4526 609 4627 potius
645 4525 717 4601 dici
765 4529 889 4624 posset
925 4522 1073 4600 Oblatio
1118 4523 1223 4600 iuxta
1262 4550 1345 4626 cap.
1399 4524 1500 4608 Ouio

173 4647 393 4724 Sacerdotes
423 4644 479 4722 13
508 4672 615 4720 cons.
646 4645 706 4720 20
734 4656 881 4746 quaest.
911 4643 943 4722 2
974 4674 992 4716 ‹
1029 4651 1111 4720 nisi
1139 4645 1256 4719 aliter
1284 4655 1426 4721 constet
1454 4645 1501 4720 oe
