3670 5222
623 275 708 326 daci
733 271 910 324 vitaturum
936 268 1024 322 stom

143 371 296 476 potheca
316 371 413 449 enim
443 379 499 448 est
528 373 586 449 ius
615 373 712 449 reale
740 374 785 449 ad
805 373 1041 448 securitatem
1063 372 1256 450 creditoris
1276 363 1381 448 bonis

141 523 241 588 xuni,
276 497 394 596 iisque
422 499 599 596 perpetuo
627 494 809 578 inhaeret,
843 497 955 593 atque
990 495 1118 569 ineos
1154 499 1330 594 perpetuo
1350 493 1486 568 transit

143 617 179 690 in
208 640 300 716 quos
329 615 490 716 migrant
519 613 598 715 ipsa
628 612 874 714 hypothecata
895 613 990 690 bona
1009 613 1056 690 L.
1076 611 1135 689 35
1150 613 1194 714 ff.
1219 613 1262 685 dr
1277 619 1480 714 pr'paorat.

142 747 235 816 oct,
265 735 293 810 l.
326 732 385 810 38
410 734 457 834 ff.
488 733 533 808 de
561 732 679 834 odtr'p.
698 743 731 806 ct
760 743 832 806 oct.
864 731 901 828 ἓ.
940 729 1081 806 Contra
1111 730 1205 808 lust.
1226 733 1329 831 quid.
1364 733 1482 807 atico.

142 855 228 928 ticet
265 854 325 927 oet
361 877 452 926 uon.
491 853 530 927 ln
561 850 799 952 inscriptione
828 875 913 926 vero
943 857 1113 927 versatur
1145 852 1201 926 vis
1235 849 1480 950 hypothecae,

142 975 328 1073 quemad
358 972 588 1072 singulorum
620 973 702 1047 iura
731 972 883 1064 tuenda,
918 977 955 1048 et
983 971 1021 1048 iu
1051 973 1185 1048 bonum
1218 969 1399 1073 publicum
1425 972 1486 1046 lex

143 1091 300 1167 invexit.
336 1091 499 1167 Parium
522 1117 614 1195 pap.
649 1089 771 1176 396,
804 1090 986 1176 Grcvrier,
1014 1091 1209 1194 Troptoup
1230 1091 1297 1166 boc
1316 1099 1374 1166 ut.
1391 1117 1487 1194 pos-

142 1220 233 1288 sr'm.
267 1211 318 1288 ut
347 1213 492 1302 merito3
523 1211 783 1288 contrahentes
813 1210 910 1286 enim
941 1216 980 1286 et
1009 1219 1239 1297 mutuantes,
1272 1211 1487 1312 inscriptio-

144 1335 200 1407 nis
231 1331 389 1416 auxilio,
429 1356 541 1408 onera
578 1332 742 1432 apprime
781 1343 951 1420 noscunt,
992 1331 1126 1431 quihus
1164 1331 1349 1406 Debitoris
1386 1332 1505 1408 bona·

143 1453 346 1529 subiacent.
380 1452 536 1528 istiusve
574 1451 734 1540 fraudes,
778 1474 845 1525 nec
865 1475 936 1526 non
957 1457 1057 1526 artes
1077 1450 1247 1528 subdolas
1283 1450 1483 1528 declinant.

224 1572 436 1648 Praemisso
448 1572 570 1672 itaque
580 1570 816 1646 distinctione
836 1573 931 1646 inter
949 1569 1193 1672 hypothecam
1209 1577 1246 1646 et
1260 1569 1488 1672 hypothecae

145 1687 440 1794 inscriptionem,
473 1693 588 1792 pro'no
618 1690 718 1766 velut
746 1688 850 1766 alveo
877 1689 975 1782 fluit,
1009 1692 1104 1789 quod
1133 1690 1232 1767 aliud
1262 1692 1312 1766 sit
1340 1703 1390 1766 se'
1408 1692 1488 1778 iuro

146 1811 378 1916 hypothecae
411 1835 564 1903 exuere,
596 1817 633 1886 et
661 1809 761 1886 aliud
789 1809 1024 1912 inscriptioni
1064 1813 1239 1888 nuncium
1279 1813 1485 1889 remittere.

145 1931 200 2008 Ex
229 1934 447 2010 recentioris
476 1929 728 2033 inscriptionis
758 1932 954 2008 omissione
982 1956 1057 2009 non
1087 1934 1243 2009 habetur
1270 1933 1362 2008 iuris
1379 1933 1488 2008 realis

146 2054 335 2142 remissio;
365 2079 450 2130 nam
479 2057 567 2128 suut
594 2052 665 2126 duo
694 2052 791 2128 inter
818 2075 858 2126 se
885 2054 1080 2130 admodum
1109 2053 1266 2130 diversa.
1300 2053 1379 2128 Hoc
1399 2056 1488 2133 adeo

148 2197 274 2250 verum
303 2178 360 2251 est
387 2179 430 2250 ut
449 2175 555 2248 firmo
577 2179 747 2247 irrepente
766 2171 916 2254 credito,
940 2171 1066 2248 fassit
1086 2197 1230 2274 semper
1249 2173 1489 2250 creditoribus

146 2291 330 2394 suscipere
358 2293 632 2392 inscriptionem
663 2297 790 2366 contra
817 2289 1033 2382 debitorem,
1066 2317 1160 2392 quae
1188 2293 1260 2367 vim
1282 2316 1383 2366 suam
1406 2297 1489 2366 tan·

148 2417 225 2487 tum
256 2417 384 2488 exeret
416 2439 437 2488 a
474 2412 533 2488 die
555 2411 820 2488 renovationis.
865 2413 970 2494 Unde
1001 2411 1148 2490 Sartum
1186 2419 1394 2514 tectumque
1431 2415 1489 2487 est

148 2529 205 2607 ius
244 2531 342 2607 reale
378 2531 719 2633 Presbyterorum,
745 2531 838 2606 sed·
859 2529 977 2607 solum
1015 2533 1057 2607 ad
1095 2531 1207 2608 imam
1246 2533 1364 2608 sedem
1403 2535 1490 2606 sunt

150 2645 299 2723 deiecti.
1169 2675 1172 2680 ·
1244 2669 1245 2672 ’

227 2767 289 2843 Ex
316 2767 386 2843 hoc
413 2767 551 2868 pariter
578 2766 719 2841 nullum
747 2769 921 2843 damnum
952 2767 1029 2844 lore
1057 2769 1303 2843 obventurum
1332 2768 1484 2868 Presby-

147 2885 235 2960 teris
259 2885 414 2975 videtur,
448 2887 536 2986 quia
558 2887 683 2986 pensio
711 2886 749 2961 in
768 2885 932 2962 themate
951 2887 1052 2961 venit
1072 2884 1331 2960 alimentorum
1357 2908 1483 2973 causa3

148 3010 206 3082 ast
243 3004 304 3080 lex
341 3005 380 3080 in
418 3003 603 3081 alimentis
643 3003 938 3081 favorabiliorem
981 3006 1093 3082 debiti
1132 3003 1282 3080 oausam
1317 3002 1479 3104 respicit,

148 3149 216 3201 uec
254 3123 428 3202 arrestari
465 3124 567 3200 sinit.
608 3123 731 3212 Quare
768 3123 944 3202 alimenta
983 3123 1062 3200 fore
1100 3121 1334 3223 privilegiata
1374 3124 1484 3196 extra

150 3267 294 3321 omnem
315 3244 556 3321 dubitationis
575 3243 689 3319 aldem
706 3243 879 3343 ,positum
897 3244 966 3318 est.
991 3244 1167 3320 Attamen
1184 3243 1226 3317 ¹iu
1247 3241 1336 3317 italo
1355 3240 1487 3318 Codice

150 3363 311 3439 solemne
334 3367 392 3439 est
409 3364 584 3439 creditum
616 3363 889 3464 privilegiatum
910 3363 1058 3438 creditis
1078 3362 1190 3438 etiem
1212 3361 1487 3462 hypothecariis

150 3486 227 3560 lore
256 3481 536 3584 praeferendum
565 3493 640 3558 art.
677 3481 794 3558 1953
832 3483 888 3559 De
918 3483 1145 3586 pra‘or’tcya'r's
1183 3507 1265 3581 cup.
1309 3480 1348 3556 1.
1389 3479 1490 3580 Ergo

150 3587 379 3703 Presbyteri,
411 3601 650 3678 creditoribus
679 3603 952 3704 hypothecariis
971 3600 1289 3690 concurrentibus,
1331 3600 1489 3699 primam

151 3725 272 3799 sedem
303 3723 485 3800 obtinent.

228 3840 356 3929 Quoad
391 3841 489 3916 Vero
513 3840 690 3917 debitoris
730 3865 919 3942 personam
959 3839 1100 3916 nullum
1140 3837 1318 3942 quaesitis
1347 3837 1489 3915 iuribus

150 3965 446 4065 presbyterorum
482 3971 636 4064 paratur
673 3965 865 4052 damuum;
904 3986 947 4036 eo
985 3963 1080 4061 quod
1117 3964 1161 4038 ad
1198 3961 1486 4038 conservandam

150 4081 394 4184 hypothecam
423 4087 551 4158 contra
581 4105 772 4184 personam
803 4083 977 4156 debitoris
1007 4107 1080 4157 nou
1108 4090 1165 4156 cst
1193 4082 1403 4158 necessaria
1435 4081 1488 4158 iu·

151 4201 298 4305 scriptio
328 4202 387 4278 vel
416 4201 623 4292 renovati0;
653 4200 740 4276 hinc
769 4199 850 4277 iura
878 4201 1068 4277 creditoris
1098 4204 1274 4276 adversus
1302 4203 1402 4277 hune
1432 4199 1488 4276 in-

150 4327 255 4424 tegra
283 4323 434 4398 omnino
463 4327 671 4406 servantur,
711 4345 964 4421 quaecumque¹
1002 4345 1044 4395 ea
1082 4320 1234 4411 suerint,
1265 4319 1488 4396 Zacchariae

154 4445 217 4517 boc
243 4448 304 4519 tit.
336 4453 425 4518 tom.
463 4442 482 4517 1
514 4443 553 4539 ξ.
587 4441 677 4516 128
699 4442 870 4541 idemque
907 4441 1077 4516 sentiunt
1113 4444 1192 4516 tum
1227 4443 1382 4515 externa
1410 4448 1487 4516 tum

154 4568 276 4640 nostra
296 4561 507 4644 tribunalia,
535 4561 628 4639 Aula
650 4562 859 4638 Leodiensis
888 4561 983 4662 apud
1012 4562 1200 4636 Dene'vers
1238 4566 1353 4644 aooe'e
1387 4557 1488 4634 1870

210 4684 288 4750 Acta,
306 4681 376 4732 Tora.
396 4679 428 4729 Χ.
447 4679 513 4730 fara
530 4679 619 4730 0311
1396 4683 1426 4732 1²
