3670 5222
362 197 422 264 128
645 217 839 267 rosrumrca
864 220 947 264 cram
973 221 1143 268 concursus
1166 223 1206 268 11
1229 223 1391 269 1111011111
1448 241 1449 246 1

410 389 413 398 ,
462 307 807 384 Reverendissimus
828 309 1029 410 Episcopus
1049 309 1093 387 O.
1112 310 1151 385 in
1171 313 1459 388 transmittenda
1474 313 1519 387 ad
1535 311 1670 391 S.C.(l¹

253 441 258 447 ’
357 426 533 502 relatione
553 433 670 504 status
697 453 785 504 suae
815 426 1012 518 Ecclesiae,
1045 431 1137 504 baec
1165 429 1373 506 delinienda
1404 436 1594 532 proponit:

464 578 482 619 ‹
519 548 553 624 l.
588 553 644 624 An
680 553 799 651 possit
838 555 914 628 lteri
949 574 1150 626 concursus
1180 574 1244 651 pro
1280 547 1480 652 parochiali
1514 551 1679 629 Ecclesia

360 698 378 741 ›
409 670 656 767 assequenda,
675 669 705 743 si
729 669 950 747 edictum'ad
972 668 1096 744 valvas
1123 667 1282 745 eiusdem
1314 668 1497 744 Ecclesiae
1527 669 1678 746 affixum

355 783 377 860 'a
409 793 495 863 ante
529 791 622 866 diem
657 790 836 866 decimum
875 790 972 892 iugis
1012 789 1214 881 affixionis,
1255 788 1363 865 fucrit
1395 815 1541 890 quoquo
1574 793 1681 868 modo

360 937 377 978 »
409 913 579 986 auulsum
606 935 650 986 ac
680 907 874 1009 perditum,
898 935 1024 986 verum
1048 910 1229 984 habeatur
1250 906 1350 986 aliud
1381 911 1486 985 edicti
1517 911 1681 988 eiusdem

359 1058 375 1097 s
408 1028 606 1129 exernplar,
639 1032 734 1129 quod
763 1031 807 1106 ad
835 1027 962 1104 valvas
992 1026 1222 1104 Cathcdralis
1249 1027 1436 1106 Ecclesiae
1463 1032 1681 1130 perdecem

359 1177 377 1216 s
408 1149 601 1224 continuos
629 1149 706 1224 dies
736 1147 888 1224 affixum
916 1145 1015 1223 fattt

463 1297 482 1340 a
514 1265 553 1342 2.
589 1271 637 1343 At
662 1267 840 1370 quoniam
870 1268 906 1342 in
927 1267 1022 1344 hanc
1044 1268 1235 1344 materiam
1262 1268 1450 1370 ingressas
1479 1295 1574 1364 sum,
1597 1270 1680 1372 plu-

360 1420 376 1460 »
409 1413 452 1464 ra
480 1411 578 1462 nunc
608 1387 699 1462 mibi
737 1387 891 1462 veniunt
923 1385 961 1463 in
999 1390 1159 1464 mentem
1197 1389 1245 1464 ab
1279 1389 1502 1466 Eminentiis
1533 1390 1682 1468 Vestris

358 1542 376 1580 a
410 1507 641 1611 postulanda,
664 1533 708 1582 co
737 1509 832 1608 quod
861 1533 936 1584 non
964 1533 1039 1584 nna
1066 1509 1266 1609 eademque
1286 1515 1454 1587 servetur
1473 1511 1600 1612 praxis
1619 1512 1681 1588 ha·

360 1661 376 1700 s
408 1629 516 1706 bendi
552 1653 595 1702 ac
631 1628 850 1704 discutiendi
890 1627 1107 1706 concursum
1144 1628 1180 1705 in
1215 1628 1338 1706 Curiis
1372 1623 1679 1732 Episco'palibus3

360 1781 376 1820 s
408 1751 505 1826 enirn
533 1771 621 1823 vero
650 1747 911 1850 suffragiorum
941 1743 1118 1824 numerus
1146 1749 1232 1826 alibi
1265 1749 1382 1826 maior
1401 1753 1470 1843 est,
1494 1749 1583 1827 alibi
1612 1749 1682 1826 mi·

359 1900 377 1944 ›
409 1893 487 1951 101,
519 1866 691 1945 videlicet
719 1868 780 1944 hic
807 1869 1070 1968 duodeviginti,
1104 1870 1179 1946 illic
1206 1873 1377 1966 0111111,
1409 1873 1502 1973 quod
1531 1871 1586 1948 nil
1613 1873 1682 1948 aut

359 2019 378 2062 a
410 2011 538 2088 parum
570 1986 694 2071 refert,
721 1989 815 2062 tanti
846 1989 943 2061 enim
974 1988 1587 2088 11111111111111101111,111;11111
1618 1989 1683 2066 dc·

360 2138 377 2178 »
410 2133 485 2183 cem
516 2131 561 2181 cx
592 2113 751 2195 centnm,
785 2107 896 2180 immo
924 2131 1034 2208 saepe
1066 2107 1262 2185 multitudo
1291 2107 1551 2210 suffragiorum
1582 2108 1683 2184 laci-

360 2257 377 2298 »
411 2226 553 2328 litatem
585 2229 734 2328 praebet
762 2225 914 2302 notandi
944 2251 1018 2302 non
1049 2230 1163 2312 modo¹
1186 2230 1440 2306 rectitudinem
1473 2233 1684 2330 responsio-

362 2378 379 2416 »
411 2349 481 2438 nis,
515 2371 642 2422 verum
672 2355 709 2420 et
732 2333 835 2422 illius
855 2339 1098 2422 eruditionem
1123 2372 1185 2446 per
1205 2347 1444 2424 auctoritates
1471 2347 1602 2424 allatas
1622 2347 1683 2424 vel

363 2498 380 2536 ›
412 2493 442 2541 s.
476 2464 689 2566 Scripturas
719 2464 978 2542 111188.1)ΡΙ
1012 2472 1076 2542 aut
1107 2491 1169 2566 per
1201 2467 1464 2569 propositiones
1489 2467 1535 2543 ab
1555 2467 1685 2543 Eccle-

364 2621 379 2658 »
411 2589 465 2662 sia
492 2591 686 2663 damnatas
714 2591 784 2660 etc.
817 2586 887 2662 Sed
917 2585 1071 2663 multum
1103 2587 1260 2662 interest
1296 2587 1446 2688 quinam
1477 2586 1574 2662 dicta
1603 2585 1684 2662 suf-

362 2735 380 2777 »
414 2707 613 2804 tragiorum
646 2707 784 2803 puncta
812 2703 976 2779 tribuere
1003 2709 1140 2803 queat3
1161 2710 1247 2780 sunt
1274 2704 1371 2779 enim
1393 2702 1528 2780 Curiae
1547 2702 1583 2778 in
1605 2703 1684 2801 qui-

363 2854 381 2895 »
414 2827 480 2899 bus
508 2827 644 2923 puncta
675 2821 862 2922 praedicta
889 2832 976 2897 sunt
1008 2819 1094 2912 120,
1120 2845 1273 2921 quorum
1296 2819 1348 2896 60
1367 2820 1502 2922 accipit
1529 2817 1685 2920 Episco-

362 2975 380 3016 ›
412 2969 495 3044 pus,
525 2949 563 3017 et
591 2939 647 3014 cui
677 2940 759 3016 vult
786 2939 939 3032 tribuit,
971 2949 1006 3016 et
1037 2941 1111 3018 alia
1130 2939 1181 3015 60
1202 2939 1485 3016 Examinatores
1511 2939 1685 3016 dividunt

364 3096 380 3136 a
412 3067 509 3140 inter
537 3087 575 3136 se
605 3059 742 3161 viginti
771 3059 911 3136 scilicet
940 3086 1005 3162 pro
1035 3086 1269 3162 unoquoque.
1302 3061 1342 3136 ln
1370 3059 1452 3134 aliis
1479 3057 1617 3152 Curiis,
1642 3063 1685 3132 nt

362 3217 380 3260 a
413 3187 450 3260 in
480 3185 561 3273 hac,
594 3181 800 3282 Episcopus
829 3181 967 3258 nullum
996 3183 1063 3257 sibi
1086 3189 1260 3282 punctum
1281 3183 1460 3258 reservat.
1494 3180 1558 3256 sed
1577 3181 1683 3254 dum·

365 3335 381 3378 »
412 3309 517 3380 taxat
545 3303 756 3404 paritatem,
788 3301 847 3376 vel
875 3295 1171 3403 singularitatem
1201 3300 1341 3376 dirimit
1368 3300 1475 3375 iuxta
1500 3298 1684 3375 Tridenti-

363 3456 381 3498 ›
412 3449 513 3501 nuni.
546 3425 684 3497 Verum
715 3445 783 3496 nec
811 3419 1046 3497 uniformiter
1075 3421 1216 3521 paritas
1245 3417 1334 3494 baec
1353 3425 1418 3494 aut
1437 3415 1682 3520 singularitas

361 3577 380 3620 a
412 3541 646 3645 intelligitur.
678 3539 832 3629 Quidam
862 3541 1027 3617 sentiunt
1054 3542 1250 3642 paritatem
1281 3564 1358 3614 esse
1387 3537 1416 3612 si
1444 3541 1513 3612 duo
1542 3535 1683 3612 exami-

360 3665 489 3742 ›nati
517 3662 709 3762 aequalem
740 3659 1000 3764 suffragiorum
1040 3659 1313 3762 adprobationis
1351 3681 1546 3735 numerum
1595 3655 1684 3732 tule-

362 3816 380 3857 »
411 3783 499 3874 rint,
533 3785 624 3858 tunc
651 3780 857 3882 Episcopus
887 3781 1080 3881 paritatem
1111 3778 1267 3871 dirimit,
1290 3777 1459 3880 eligendo
1477 3800 1587 3878 quem
1609 3801 1687 3851 rna-

360 3936 379 3981 »
412 3903 533 3995 luerit,
567 3907 633 3979 aut
660 3901 691 3976 si
719 3901 803 4002 quis
831 3904 1063 3978 medietatem
1083 3899 1214 3977 tulerit
1234 3897 1510 4000 suffragiorum,
1533 3896 1686 3997 Episco-

360 4051 378 4097 »
411 4045 480 4123 pus
507 4016 648 4094 dirimit
676 4017 870 4118 paritatem
900 4017 1101 4092 accedendo
1134 4039 1201 4117 pro
1242 4013 1507 4116 adprobatione
1536 4016 1602 4088 aut
1631 4039 1687 4087 re-

361 4171 378 4213 »
412 4139 639 4241 probatione.
675 4135 724 4212 Et
752 4133 923 4210 similiter
950 4136 979 4210 si
1011 4133 1295 4210 Examinalores
1324 4134 1413 4206 sunt
1441 4132 1624 4230 quatuor,
1647 4137 1686 4205 et

361 4291 377 4334 1
408 4261 479 4341 duo
508 4253 746 4332 consentiunt
775 4279 841 4355 pro
870 4251 1131 4354 adprobatione
1162 4252 1219 4329 vel
1247 4251 1519 4351 reprobatione,
1546 4248 1602 4322 vcl
1623 4272 1686 4346 pro

361 4411 378 4452 a
408 4379 492 4453 dato
521 4401 672 4452 11111110
702 4381 937 4475 punctorum,
960 4372 1023 4448 alii
1057 4398 1141 4450 vero
1168 4375 1240 4451 duo
1267 4370 1503 4458 dissentiunt,
1529 4367 1687 4478 Episco-

364 4533 381 4574 »
413 4525 481 4606 pus
510 4499 663 4584 dirimit,
