3670 5222
1404 225 1467 300 117

169 435 522 521 POS'lULATUM
549 435 698 520 OIRGA
729 433 1033 522 CONOURSUS
1062 440 1129 518 AD
1158 439 1448 519 Pnuonolns

387 791 443 857 Dic
462 793 483 854 3
505 792 618 857 Martii
639 792 736 856 1877.

860 1039 921 1084 PER
944 1040 1124 1086 eundumne
1145 1039 1280 1086 PBBGUE

253 1349 356 1430 inter
384 1355 549 1427 caeteras
588 1349 793 1428 Tridentini
829 1350 996 1428 Concilii‘
1023 1351 1305 1454 dispositiones,
1339 1354 1477 1456 quibus

147 1473 302 1573 antiqua
330 1471 526 1572 disciplina
556 1474 698 1548 mutata
726 1475 810 1573 est,
843 1473 1063 1574 gravissima
1100 1474 1227 1575 procul
1262 1475 1372 1551 dubio
1412 1477 1475 1554 illa

146 1593 296 1683 existit,
331 1617 404 1693 qna
441 1591 624 1666 sancitum
655 1589 750 1684 fuit,
782 1597 825 1668 ut
861 1615 927 1692 pro
965 1583 1177 1670 vacantium
1216 1592 1474 1694 parochiarum

146 1711 414 1812 provisionibus
442 1709 589 1786 institui
618 1711 767 1787 deberet
794 1735 993 1788 concursus
1021 1720 1132 1813 atque
1160 1737 1330 1801 examen,
1355 1719 1393 1790 et
1420 1715 1476 1790 di-

147 1829 268 1932 gniori
297 1830 485 1905 intereos
512 1830 575 1928 qui
609 1829 730 1906 idonei
758 1831 896 1932 reperti
925 1831 1059 1923 forent,
1084 1831 1261 1933 parochia
1288 1833 1475 1909 conferre-

146 1957 208 2026 tur
236 1975 320 2052 cap.
345 1948 418 2025 18.
443 1949 546 2026 Sars.
569 1948 717 2026 XXIV
729 1948 786 2026 De
804 1949 981 2050 Reform.
1005 1951 1112 2028 Hanc
1139 1959 1261 2028 antem
1292 1953 1476 2030 constitu·

148 2067 285 2145 tionem
318 2070 435 2170 magis
468 2069 761 2146 determinarunt
798 2069 836 2146 S.
871 2071 961 2147 Pius
993 2071 1024 2144 V
1053 2077 1091 2146 et
1123 2072 1361 2158 Innocentius
1396 2073 1466 2165 XI,

148 2189 279 2288 quibus
308 2196 436 2290 postea
463 2189 620 2266 accessit
645 2187 848 2268 Clementis
878 2191 929 2267 XI
957 2192 1145 2267 decretum
1173 2217 1237 2294 per
1257 2193 1340 2268 Sao.
1360 2191 1402 2268 O.
1425 2192 1469 2270 O.

148 2307 265 2384 latum
292 2309 350 2384 die
384 2304 431 2383 10
457 2306 620 2386 Ianuarii
655 2305 751 2383 1721
784 2333 867 2384 eum
898 2311 934 2384 in
965 2311 1074 2386 linem
1092 2311 1181 2414 quia
1203 2343 1220 2382 ι
1241 2337 1322 2387 cum
1352 2336 1471 2413 neque

156 2424 357 2504 »Consilii
385 2428 542 2519 decreto,
577 2453 693 2527 neque
723 2426 916 2503 Pontificis
950 2427 1060 2505 Bulla
1097 2431 1280 2506 examinis
1316 2431 1360 2512 in.
1385 2455 1473 2507 oon-

153 2578 170 2620 »
200 2571 311 2624 cursu
340 2546 540 2649 peragendi
570 2548 703 2638 forma,
738 2574 803 2624 seu
835 2549 1026 2625 methodus
1055 2549 1130 2626 ulla
1158 2553 1260 2626 certo
1288 2576 1331 2628 ac
1361 2576 1471 2652 peon-

154 2697 169 2735 »
199 2666 302 2744 liaris
329 2667 514 2742 servanda
542 2675 794 2767 proponatur,
828 2667 975 2744 difficile
1001 2667 1101 2745 dictu
1135 2674 1192 2743 est
1218 2674 1359 2770 quanta
1387 2693 1475 2746 exa-

153 2816 171 2857 »
201 2786 343 2862 minum
371 2783 526 2860 aliorum
555 2784 639 2859 alibi
668 2785 863 2861 diversitas
891 2784 1080 2874 extiterit,
1113 2791 1224 2886 atque
1254 2787 1339 2862 hinc
1367 2809 1475 2865 ocea-

154 2932 172 2974 >
201 2905 256 2982 sio
283 2903 574 3006 querelarum.»
609 2907 872 2980 Verumtamen
902 2929 1019 3007 neque
1049 2929 1113 3006 per
1146 2929 1191 2980 ea
1218 2929 1313 3006 quae
1341 2907 1381 2981 in
1409 2907 1472 2981 ei-

151 3031 226 3100 tnto
253 3026 399 3101 decreto
427 3027 569 3100 statuta
598 3023 750 3100 fuerunt
777 3024 866 3100 satis
895 3024 1100 3100 consultum
1125 3025 1211 3100 huic
1238 3025 1386 3126 negotio
1414 3023 1473 3100 vi·

150 3170 229 3220 snm
258 3148 329 3238 est;
360 3143 541 3245 siquidem
576 3172 599 3221 a
636 3142 835 3222 Benedicta
869 3144 958 3221 XlV
986 3144 1284 3221 determinandae
1321 3143 1361 3220 in
1389 3167 1476 3220 con-

149 3263 308 3342 ferendis
336 3291 401 3367 per
428 3289 648 3341 concursum
677 3263 863 3366 parochiis
889 3262 1030 3340 formae
1069 3261 1199 3339 ultima
1235 3261 1308 3340 fuit
1342 3287 1473 3339 manus

149 3385 337 3488 apposita,
377 3386 483 3487 idque
519 3383 706 3486 praestitit
734 3383 773 3461 in
801 3382 1075 3463 Constitutione
1108 3378 1206 3458 Cum
1245 3383 1373 3459 illud:
1412 3383 1474 3459 ubi

149 3519 342 3609 postquam
370 3505 528 3584 ostendit
556 3511 734 3581 statutam
753 3498 923 3581 normam
942 3527 1139 3580 concursus
1159 3503 1283 3603 aliquo
1303 3503 1474 3606 indigere

149 3627 416 3730 complemento
443 3631 481 3702 et
509 3627 756 3703 moderamine
785 3627 991 3702 universam
1022 3624 1118 3700 hane
1146 3648 1220 3699 rem
1251 3626 1475 3701 auctoritate

149 3751 362 3852 Apostoliea
390 3749 560 3842 ordinat,
595 3754 635 3826 et
661 3752 876 3828 servandam
907 3749 1125 3852 praescribit
1153 3747 1226 3853 (l).
1260 3751 1353 3828 Post
1386 3747 1479 3825 haec

149 3869 273 3948 omnia
301 3870 578 3972 quaestionibus
606 3881 645 3946 et
672 3869 794 3947 dubiis
822 3870 892 3946 hac
925 3894 1036 3971 super
1065 3893 1103 3945 re
1144 3867 1363 3945 valediotnm
1393 3867 1473 3945 fore

150 3991 356 4068 ridebatur.
376 3990 502 4066 Novae
521 3994 577 4064 ast
598 3986 740 4064 veroin
761 3988 837 4064 dics
848 3989 1046 4090 petitiones
1068 3990 1110 4063 ad
1131 3987 1169 4065 S.
1193 3986 1237 4067 0.
1254 3991 1298 4069 0.
1322 3988 1479 4065 6111666-

149 4136 228 4187 rum
258 4110 465 4190 Ordinariis
490 4115 682 4213 porrectae
710 4111 936 4188 eontrarium
965 4111 1155 4197 evincunt,
1195 4115 1232 4185 et
1269 4111 1478 4187 huiusmodi

151 4232 323 4310 veritatis
359 4233 674 4309 confirmationem
704 4257 860 4333 sequens
889 4232 1043 4334 praebet
1070 4229 1245 4332 postulati
1276 4229 1472 4332 expositio.

202 4423 238 4494 ll)
258 4425 362 4478 Recole
381 4421 520 4490 quidquid
540 4425 570 4475 in
589 4423 787 4476 subiecturus·
842 4421 902 4476 (1166
923 4424 948 4474 X
968 4421 1092 4474 eiusdem
1113 4421 1278 4474 voluminis.
1303 4421 1373 4475 Vide
1400 4421 1478 4474 ineu·

151 4514 223 4566 terra
238 4515 359 4566 relatum
379 4514 436 4565 luit
453 4514 482 4563 ln
499 4513 581 4564 heina
596 4511 786 4577 ephemeridis
840 4527 890 4578 per
910 4513 1045 4564 volumen
1062 4511 1101 4562 IX
1116 4525 1181 4576 pag.
1201 4509 1265 4568 236.

151 4604 213 4662 Vol.
229 4605 282 4656 Vll
301 4618 368 4672 pag.
382 4602 436 4653 340
455 4607 484 4654 61
503 4617 582 4670 seqq.
600 4616 659 4652 cnm
673 4601 781 4670 Appen·
