3622 5240
318 202 360 284 5⁴0
890 226 1057 286 rtuocono

395 331 580 434 Septimus
609 325 680 409 iam
709 332 869 434 procedit
898 356 1028 424 annus,
1049 357 1096 408 ex
1124 357 1197 434 quii
1216 326 1405 412 invasores
1426 328 1547 414 civilis
1568 331 1650 415 Nu·

317 453 381 529 stri
412 454 651 554 principatus
678 453 848 530 omnibus
875 453 1013 532 divinis
1041 477 1084 530 ac
1112 457 1285 532 humanis
1331 457 1471 534 iuribus
1499 459 1650 560 procul-

318 580 422 664 catis,
453 573 667 650 solemnium
698 577 910 674 pactionum
939 574 1007 651 fide
1037 573 1185 662 violata,
1229 579 1268 652 et
1294 576 1522 654 calamitates
1565 579 1649 653 illu-

321 698 409 769 stris
437 695 609 769 Nationis
637 692 839 770 catholicae
866 693 1183 796 opportunitatem
1215 721 1317 773 suam
1346 703 1578 798 reputantes,
1611 699 1648 772 vi

320 818 432 915 atque
460 816 573 888 armis
600 815 810 916 provincias
837 841 931 916 quae
959 816 999 890 in
1027 821 1155 894 nostra
1183 821 1369 919 potestate
1397 819 1517 896 adhuc
1543 825 1652 896 erunt

322 937 564 1035 occuparunt,
594 933 691 1010 hane
718 939 885 1011 sanctam
914 935 1102 1012 civitamm
1132 963 1418 1040 expugnavere,
1452 965 1494 1016 ac
1522 944 1652 1016 tantae

321 1055 534 1154 iniquitatis
562 1079 673 1156 opere
700 1055 903 1132 Ecclesiam
933 1055 1140 1132 universam
1171 1057 1270 1134 luctu
1308 1083 1351 1135 ac
1386 1057 1510 1136 dolore
1553 1083 1654 1134 com-

323 1174 530 1278 pleverunt.
563 1174 766 1252 Simulatae
794 1181 905 1276 atque
933 1177 1068 1253 infidae
1095 1178 1372 1279 promissiones,
1403 1203 1494 1278 quas
1522 1179 1567 1254 iis
1596 1178 1654 1254 f-

327 1295 445 1371 nestis
472 1294 601 1370 diebus
629 1295 697 1395 ipsi
728 1320 838 1397 super
866 1297 976 1372 rebus
1003 1299 1153 1390 nostris
1186 1299 1388 1376 Guberniis
1416 1301 1556 1376 exteris
1589 1301 1655 1377 ob·

327 1414 460 1495 tulere.
480 1413 706 1490 declarantes
735 1441 773 1491 se
804 1413 895 1492 velle
922 1416 1139 1516 obsequium
1167 1424 1205 1492 et
1232 1415 1409 1495 honorem
1440 1419 1589 1495 reddere
1608 1419 1656 1495 li-

329 1534 462 1609 bertati
491 1529 708 1627 Ecclesiae,
741 1540 779 1612 et
807 1535 958 1612 liberam
987 1563 1030 1613 ac
1059 1536 1200 1639 plenam
1232 1563 1312 1614 esse
1350 1539 1444 1614 velle
1491 1539 1655 1616 Romani

327 1652 523 1730 Pontificis
550 1658 782 1754 potestatem,
808 1653 953 1732 efficere
981 1681 1053 1738 nou
1083 1661 1283 1758 potuerunt
1311 1665 1352 1734 ut
1381 1659 1456 1734 Nos
1475 1683 1574 1734 vana
1592 1683 1656 1759 spe

329 1771 441 1848 illecti
469 1797 541 1848 non
572 1775 718 1874 penitus
737 1776 1033 1877 praeciperemus
1053 1777 1190 1868 auimo,
1215 1801 1309 1876 quae
1330 1776 1498 1853 luctuosa
1516 1803 1559 1855 ac
1589 1779 1658 1853 mi-

328 1917 412 1970 sera
432 1894 508 1969 Nos
527 1895 595 1971 sub
614 1920 738 1972 eorum
759 1897 1011 1973 dominatione
1033 1902 1227 1974 manerent
1246 1923 1255 1990 3
1277 1899 1367 2000 quin
1386 1900 1500 1998 probe
1518 1897 1657 1975 conscii

330 2013 561 2090 consiliorum
593 2016 788 2116 impiorum
820 2040 914 2116 quae
944 2017 1092 2118 propria
1111 2023 1197 2092 sunt
1215 2018 1407 2095 hominum
1427 2043 1518 2118 quos
1544 2043 1661 2095 nova·

331 2155 411 2206 rum
442 2157 562 2208 rerum
593 2135 716 2210 studia
745 2138 782 2209 et
801 2133 1017 2210 sceleratum
1038 2133 1165 2210 foedus
1184 2137 1387 2229 consociat,
1411 2144 1537 2236 aperte
1557 2161 1659 2237 prae-

331 2250 589 2328 nunciavimus
616 2277 695 2328 eam
726 2253 941 2352 sacrilegam
971 2255 1196 2330 invasionem
1227 2279 1300 2330 non
1321 2259 1463 2331 tantum
1493 2259 1661 2356 spectare

332 2375 376 2448 ad
405 2371 549 2447 civilem
580 2374 753 2446 Nostrum
788 2373 1038 2473 Principatum
1068 2374 1370 2474 opprimendum,
1403 2385 1584 2475 quantum
1612 2373 1659 2449 ad

332 2492 566 2568 destruendas
593 2490 765 2583 facilius,
798 2492 992 2593 temporali
1021 2503 1148 2570 nostra
1175 2495 1423 2570 dominatione
1452 2519 1656 2596 oppressa,

332 2611 583 2687 institutiones
619 2635 745 2688 omnes
787 2611 994 2706 Ecclesiae,
1027 2615 1071 2688 ad
1099 2614 1334 2689 evertendam
1371 2615 1529 2692 Sanctae
1558 2613 1663 2692 Sedis

333 2733 607 2824 auctoritatem,
640 2732 683 2806 ad
713 2731 888 2808 vicariam
919 2731 1057 2809 Christi
1087 2735 1307 2833 potestatem
1337 2759 1448 2834 quam
1476 2734 1563 2810 licet
1593 2733 1665 2807 im-

335 2863 517 2928 merentes
545 2851 707 2952 gerimus
734 2853 774 2927 in
801 2851 923 2942 terris,
954 2853 1104 2930 omnino
1137 2853 1444 2931 labefactandam.

415 2971 580 3046 lamvero
608 2971 782 3072 hocopus
801 2972 1047 3048 demolitionis
1074 2976 1112 3049 et
1129 2973 1337 3051 eversionis
1352 2975 1515 3050 omnium
1538 2998 1664 3049 rerum

335 3115 429 3192 quae
458 3092 646 3191 pertinent
674 3094 718 3168 ad
747 3091 1035 3168 ecclesiasticum
1074 3093 1279 3171 aedificium
1317 3101 1428 3194 atque
1466 3094 1661 3187 ordinem,

335 3212 366 3288 si
395 3235 466 3286 non
495 3211 613 3311 quoad
641 3212 794 3287 consilia
823 3237 865 3288 ac
893 3212 1011 3289 odium
1041 3218 1340 3313 persecutorum,
1372 3215 1491 3313 quoad
1519 3213 1667 3314 gravis-

336 3333 448 3406 simas
475 3339 598 3404 tamen
629 3332 756 3406 ruinas
784 3356 877 3432 quas
906 3356 1020 3432 usque
1048 3332 1094 3408 ad
1122 3333 1217 3408 hanc
1261 3332 1354 3408 diem
1399 3338 1668 3434 congesserunt

338 3476 428 3552 pene
456 3455 751 3526 consummatum
780 3451 850 3527 dici
882 3455 1029 3552 potest3
1061 3475 1105 3528 ac
1133 3453 1224 3528 satis
1252 3457 1310 3528 est
1337 3453 1461 3530 oculos
1503 3478 1663 3530 conver-

337 3579 413 3646 tere
441 3571 486 3646 ad
516 3570 613 3670 leges
641 3578 679 3644 et
706 3573 855 3646 decreta
888 3572 934 3646 ab
970 3570 1078 3648 initio
1124 3595 1242 3648 novae
1284 3573 1546 3649 dominationis
1593 3574 1667 3650 huc

338 3714 452 3790 usque
481 3690 603 3782 edita,
637 3692 679 3764 ut
707 3689 911 3768 luculenter
940 3691 1182 3791 perspiciatur
1211 3691 1324 3769 Nobis
1360 3691 1580 3792 singillatim
1625 3719 1668 3770 ac

338 3811 471 3885 sensim
501 3808 576 3884 alia
603 3832 648 3883 ex
677 3808 759 3883 aliis
787 3809 827 3885 in
855 3809 932 3886 dies
963 3811 1081 3886 media
1109 3835 1129 3886 e
1159 3812 1343 3910 praesidia
1361 3811 1474 3888 luisse
1503 3812 1663 3906 sublata,

338 3928 485 4028 quibus,
517 3928 562 4002 ad
590 3925 806 4001 catholicam
835 3925 1039 4004 Ecclesiam
1068 3945 1111 4004 ut
1138 3955 1205 4032 par
1232 3935 1289 4004 est
1317 3931 1512 4033 regendam
1534 3935 1573 4004 et
1599 3957 1671 4032 gu·

339 4045 561 4123 bernandam
589 4047 738 4122 omniuo
766 4045 986 4151 indigemus
1018 4049 1219 4125 Enimvero
1248 4047 1425 4148 iniquitas
1454 4073 1547 4148 quae
1575 4076 1669 4126 com·

339 4165 437 4269 pleta
464 4173 520 4240 est
548 4167 817 4267 supprimendis
845 4166 1033 4243 ordinibus
1071 4168 1278 4270 religiosiS,
1315 4171 1390 4244 Nos
1427 4171 1585 4246 strenuis
1628 4197 1673 4248 ac

339 4285 493 4361 utilibus
522 4285 753 4361 adiutoribus
781 4288 957 4364 damnose
985 4287 1182 4388 spoliavit,
1215 4313 1370 4390 quorum
1400 4313 1512 4391 opera
1539 4291 1575 4364 in
1605 4317 1674 4366 ex-

340 4405 528 4506 pediendis
557 4404 889 4484 ecclesiasticarum
930 4409 1269 4510 Oongregationum
1314 4409 1499 4511 negotiis,
1532 4411 1568 4486 in
1617 4425 1674 4486 tot

342 4524 509 4630 partibus
538 4525 732 4602 ministerii
763 4527 890 4602 Nostri
918 4529 1131 4603 exercendis
1162 4529 1274 4604 Nobis
1295 4529 1445 4606 ommno
1462 4532 1674 4606 necessaria
