3670 5222
725 275 911 330 musarum.
1409 249 1474 328 tt?

149 377 206 456 lae
234 377 392 456 multum
421 375 597 456 differunt
624 379 669 454 ab
697 377 771 456 illis
800 377 927 454 relatis
959 379 998 454 in
1031 376 1276 454 declaratione
1311 379 1374 456 Pii
1412 377 1479 456 lX.

149 500 310 576 Tandem
332 498 596 576 animadvertit
613 497 824 576 Consultor:
846 523 959 598 quum
980 499 1101 599 prima
1118 497 1219 576 dubii
1238 523 1324 598 pars
1343 503 1482 599 septem

150 620 326 720 respiciat
353 620 482 713 festus,
522 627 660 720 septem
695 618 975 720 comprehendit
1010 618 1185 709 membra,
1225 641 1321 718 qnae
1354 617 1483 720 siugu-

150 739 280 816 lariter
316 738 524 816 examinari
561 739 707 831 debent,
746 743 825 813 tum
855 739 941 839 quia
978 761 1195 839 responsum
1233 736 1365 837 nequit
1398 759 1482 815 esse

150 857 305 959 aequale
333 883 401 960 pro
434 859 616 951 omnibns,
641 866 717 935 tum
738 859 827 959 quia
844 858 1067 959 dependeta
1094 857 1288 961 principiis
1322 855 1482 938 diversis

150 981 301 1058 etiamsi
338 983 490 1084 aequale
510 982 700 1084 prodierit.

264 1103 300 1179 l.
332 1102 565 1206 Quapropter
592 1102 792 1181 Consultor
820 1102 968 1204 putavit
994 1101 1227 1180 Dominicam
1255 1099 1353 1180 inira
1378 1105 1484 1182 octe⁶

153 1247 236 1300 vam
265 1223 498 1324 Epiphaniae
525 1247 600 1300 non
634 1247 714 1300 esse
748 1221 881 1300 festum
920 1222 1197 1324 Disputationis
1233 1222 1272 1298 in
1309 1219 1479 1323 Templo.

153 1343 246 1420 Nam
277 1342 323 1419 ad
349 1342 644 1420 constituendum
681 1345 827 1442 festum
854 1345 1037 1429 solemne,
1069 1351 1286 1447 proprium
1321 1352 1357 1420 ct
1393 1367 1480 1446 spe·

154 1463 250 1540 ciale
278 1461 432 1539 alterius
459 1486 507 1538 ex
536 1460 719 1562 mysteriis
749 1465 846 1538 vitae
873 1463 955 1540 lesu
982 1462 1138 1554 Christi,
1169 1462 1269 1539 inter
1286 1463 1380 1540 alias
1398 1487 1486 1542 oon·

157 1587 317 1664 ditiones
345 1587 511 1664 absolute
540 1586 742 1687 requiritur
771 1590 814 1662 ut
841 1585 1083 1664 annuntietur
1116 1587 1155 1662 in
1190 1585 1483 1690 Martyrologio;

156 1707 217 1779 ast
244 1703 389 1804 Templi
418 1702 631 1804 Disputatio
659 1703 757 1778 haud
791 1702 1016 1780 annuntiata
1043 1706 1113 1781 est.
1153 1703 1224 1780 His
1253 1703 1484 1806 praenotatis

156 1829 354 1905 notandum
384 1851 529 1929 quoquo
556 1836 613 1904 est
642 1827 730 1906 uu.
763 1827 964 1905 Pontifices
996 1830 1195 1905 concedere
1226 1828 1486 1906 Oonfratribus

155 1946 428 2048 indulgentiam
459 1946 658 2046 plenariam
688 1947 770 2026 illis
799 1947 932 2024 diebus·
959 1949 1099 2051 quibus
1128 1949 1264 2050 atiquo
1298 1954 1486 2050 mysteria

156 2068 468 2165 descrescere
502 2064 785 2168 Mysterr'orum
816 2067 981 2144 Rosarr'i
1012 2067 1253 2143 celebraretur
1283 2113 1331 2126 -
1361 2068 1484 2147 Socra

156 2191 337 2262 misteria
367 2183 528 2261 Rosorrz
556 2194 822 2261 recensentur:
854 2209 948 2285 quae
972 2187 1080 2260 verba
1100 2209 1207 2260 sensu
1230 2187 1379 2318 proprio
1416 2211 1483 2287 ap-

158 2305 299 2409 plicant
302 2329 344 2378 ur
284 2307 453 2380 ttant
439 2318 516 2379 turn
545 2303 626 2380 sest
600 2309 648 2379 trs
677 2304 917 2405 solemnibus,
950 2311 989 2379 et
1014 2302 1120 2381 festis
1153 2304 1308 2445 propriis
1336 2311 1376 2380 et
1403 2330 1489 2408 spe-

160 2424 313 2501 cialibus
342 2421 497 2501 alicuius
526 2423 706 2524 mysterii.

261 2543 302 2623 2.
338 2545 464 2644 Neque
492 2543 598 2620 Paria
625 2542 755 2645 quinta
785 2545 824 2622 in
851 2543 975 2621 Coena
994 2543 1141 2623 Domini
1161 2550 1217 2620 est
1202 2542 1367 2621 ttestum
1388 2542 1483 2621 Ora-

162 2666 273 2741 tionis
301 2667 382 2741 lesu
412 2662 591 2740 Christi
582 2687 621 2739 ιιι
646 2663 778 2740 Horto·
801 2666 974 2858 quoniam
995 2666 1097 2742 Mart
1081 2663 1236 2766 tpmlog'
1227 2688 1301 2739 rum
1323 2663 1488 2765 loquitur

159 2795 240 2862 tant
243 2811 303 2862 um
340 2786 384 2862 de
412 2785 547 2862 senae
574 2781 877 2860 Eucharistiae
870 2791 973 2860 rnstrt
974 2786 1116 2878 utione,
1155 2788 1193 2859 et
1222 2781 1336 2858 blissa
1363 2790 1419 2860 est
1403 2786 1490 2860 tde

160 2905 273 2987 ssmo
316 2905 649 2984 sacramentou
600 2901 649 2977 nt
685 2903 854 3016 quamvis
881 2905 922 2981 in
947 2903 1019 2980 hac
1037 2905 1095 2981 die
1129 2909 1293 2980 recurrat
1278 2903 1489 2982 tofficium

161 3027 297 3118 luctus,
323 3022 512 3102 Praelatio
529 3025 572 3100 de
592 3009 722 3114 Cruce,
746 3029 785 3100 et
803 3025 971 3124 quamvis
990 3022 1119 3101 Oratio
1140 3023 1288 3114 Missae,
1313 3024 1485 3126 pacisque

161 3151 309 3226 omissio
337 3149 447 3226 Iudae
476 3149 717 3251 proditionem
754 3149 926 3240 innuant,
959 3149 1106 3251 istaque
1134 3149 1184 3224 sit
1211 3146 1333 3250 prima
1350 3171 1396 3223 ex
1424 3147 1492 3224 tri-

161 3270 228 3345 bus
255 3270 383 3346 diebus
412 3268 616 3359 Passionis,
649 3267 689 3345 in
716 3292 791 3369 qua
830 3270 889 3344 die
933 3270 1157 3346 adamussim
1199 3269 1317 3345 locum
1360 3265 1494 3345 babuit

161 3389 291 3467 Oratio
319 3389 357 3464 in
386 3388 519 3481 Horto;
550 3389 673 3465 omnia
702 3387 794 3465 baec
820 3393 945 3466 tamen
974 3411 1048 3464 non
1081 3387 1270 3466 sufficiunt
1302 3389 1347 3465 ad
1380 3389 1493 3465 insti·

164 3513 338 3588 tuendum
363 3514 509 3610 festum
540 3511 724 3596 solemne,
751 3517 964 3614 proprium
996 3519 1032 3586 et
1063 3509 1244 3612 spectate,
1277 3511 1322 3588 de
1354 3509 1490 3611 quibus

164 3633 316 3710 verbum
346 3630 489 3709 faciunt
516 3631 715 3708 Pontifices
747 3631 918 3706 Romani.

271 3752 309 3829 3.
343 3752 491 3828 Pariter
517 3748 611 3828 feria
639 3757 745 3827 sexta
773 3749 1021 3826 hebdomadae
1058 3749 1217 3826 maioris·
1246 3750 1373 3828 haberi
1411 3775 1485 3828 non

164 3879 283 3975 potest
310 3897 378 3950 cen
406 3871 537 3949 testum
567 3873 607 3948 in
626 3897 699 3972 qno
727 3868 943 3950 confratres
970 3870 1108 3947 lucrari
1135 3870 1279 3971 possint
1298 3869 1493 3970 Indulgen-

163 3993 250 4067 tiae.
283 3989 428 4067 Etenim
460 3993 501 4069 ut
529 3989 786 4090 Indulgentiae
815 3989 959 4088 acquiri
987 3988 1131 4089 possint
1165 3989 1390 4089 requiritur,
1422 4012 1490 4064 ceu

167 4139 257 4216 opus
285 4115 494 4218 specialiter
521 4117 741 4206 iniunctum,
775 4115 999 4206 communio;
1028 4138 1125 4217 qnae
1143 4138 1189 4189 ex
1209 4113 1344 4190 actuali
1367 4112 1494 4190 llccle·
1627 4211 1631 4218 ἡ

165 4235 240 4310 siae
268 4233 465 4335 disciplina
491 4233 609 4310 solum
638 4234 836 4310 celebranti
867 4231 1055 4308 Sacerdoti
1083 4230 1331 4332 permittitur.

270 4353 310 4430 4
343 4355 441 4431 lnter
471 4354 561 4430 haec
592 4353 688 4430 testa
647 4358 825 4454 ttcoop
827 4377 880 4428 arr
912 4353 1039 4452 nequit
1025 4349 1197 4428 ttestnm
1217 4351 1385 4431 Ooronae
1409 4349 1493 4451 Spi-

168 4495 271 4562 nene;
302 4471 510 4574 eoquodS.
544 4471 660 4549 lndul
691 4472 928 4573 congeri
906 4471 1075 4546 atueritz.
1100 4471 1253 4571 quondo
1292 4477 1366 4546 iau
1371 4475 1494 4547 ιιιιιιι·

169 4615 340 4668 concessa
368 4590 597 4694 iudulqent
580 4616 620 4666 m
651 4601 746 4692 part
733 4591 838 4667 tmlr's
868 4614 909 4663 ιιι
938 4590 1100 4699 relt'qurs
1126 4587 1304 4666 omnibus
1335 4587 1494 4674 Doiru'ru'
