3670 5222
370 187 432 259 ito
837 213 877 262 sx
901 215 1028 263 aaronica
1053 211 1204 264 murinus

367 311 491 401 menti,
517 313 659 388 mentre
677 307 805 390 invece
832 313 989 388 avrebbe
1016 314 1151 388 dovuto
1179 317 1335 391 secondo
1365 313 1417 391 lui
1447 315 1578 393 render
1599 340 1688 420 gra·

283 517 285 520 .
366 431 436 520 zie;
456 435 587 533 questo
615 430 692 508 solo
720 431 824 525 fatte,
861 433 955 523 dico,
993 432 1206 509 bastercbbc
1234 461 1257 509 a
1284 434 1502 512 dimostrarc
1531 437 1618 536 qual
1646 437 1689 511 fi·

365 551 475 628 ducis
501 575 610 654 possa
637 551 758 626 eversi
785 551 855 628 alle
883 551 1041 652 ripetuto
1070 557 1233 651 protasia
1261 553 1296 630 di
1326 553 1481 654 rispetlo
1514 582 1533 630 c
1566 557 1599 631 di
1631 582 1690 631 os·

365 677 492 772 sequio
521 695 625 746 verso
652 672 689 747 la
716 669 975 773 giurisdizione
989 670 1181 773 spirituale
1199 672 1257 750 del
1276 675 1378 777 Oapo
1397 674 1577 776 Supremo
1596 676 1691 751 della

366 791 519 868 Ohiesa.

444 912 498 988 La
526 909 707 986 coscienza
737 909 793 986 dei
822 909 1009 1002 Gattolici,
1042 909 1111 986 ben
1139 911 1200 1013 qui
1235 919 1307 1012 puo
1346 911 1436 988 dirsi
1477 939 1542 1014 por
1570 915 1692 990 varitia

365 1056 384 1106 e
411 1054 486 1107 non
516 1054 580 1131 per
607 1051 714 1103 vezzo
732 1028 906 1118 oratorio,
926 1053 1002 1106 non
1021 1035 1126 1132 potri
1146 1057 1167 1104 a
1188 1056 1292 1107 meno
1311 1030 1347 1106 di
1366 1057 1564 1132 apprczzar
1587 1057 1690 1109 corne

367 1154 496 1232 merila
522 1175 573 1228 un
601 1153 706 1226 lanto
734 1150 868 1228 ordire.
893 1153 985 1228 Essa
1003 1156 1116 1253 saprit
1135 1154 1173 1229 in
1197 1151 1396 1254 particolar
1425 1155 1530 1231 niodo
1558 1155 1690 1233 discer-

365 1297 453 1350 nere
479 1271 525 1348 da
552 1268 638 1371 qual
667 1275 771 1372 parte
799 1271 828 1344 si
862 1271 957 1347 trovi
974 1269 1293 1372 l’ingratitudino:
1315 1296 1353 1346 se
1375 1295 1500 1372 presso
1528 1272 1587 1348 chi
1607 1280 1691 1348 amo

363 1416 507 1493 compre
535 1389 685 1480 litatio,
709 1414 753 1465 ne
782 1399 886 1467 cerco
914 1390 940 1466 il
967 1415 1056 1468 vero
1084 1393 1189 1482 beno,
1223 1415 1318 1468 one
1346 1397 1367 1466 ὸ
1394 1391 1509 1466 anche
1551 1392 1636 1494 oggi
1665 1391 1691 1468 il

365 1519 551 1612 sostegno‚
575 1508 609 1584 lo
636 1509 829 1608 splendore
858 1534 878 1586 c
906 1510 932 1586 il
961 1512 1023 1612 piir
1059 1509 1144 1588 bell’
1154 1517 1384 1602 ornamento,
1421 1535 1442 1586 o
1480 1534 1604 1610 presso
1631 1512 1691 1587 chi

364 1629 396 1706 si
425 1631 586 1732 adopere
613 1655 636 1704 a
662 1628 816 1706 svcllerc
845 1631 891 1705 da
918 1637 1049 1730 questa
1066 1635 1194 1708 nostra
1222 1629 1342 1732 patria
1359 1629 1393 1706 le
1415 1655 1480 1707 sue
1509 1630 1690 1732 nraggiori

363 1748 492 1851 glorie,
517 1749 584 1826 che
612 1772 702 1824 sono
728 1747 850 1851 quelle
877 1749 933 1826 del
963 1751 1119 1854 Populo,
1143 1775 1164 1826 e
1192 1753 1237 1827 od
1265 1748 1496 1825 accumulare
1515 1747 1692 1825 ncll’ani-

364 1894 424 1946 mo
452 1869 717 1971 dell'Augusto
746 1869 936 1945 Pontcficc
964 1868 996 1945 le
1025 1894 1209 1946 amaretne
1236 1871 1280 1946 od
1308 1872 1319 1943 i
1348 1867 1476 1944 dolori.

442 1990 497 2066 La
525 1987 564 2067 S.
589 1989 638 2064 V.
661 1987 719 2064 dal
747 2013 815 2066 suo
844 2001 955 2065 cento
982 2013 1059 2066 non
1087 1987 1232 2065 maachi
1261 1988 1296 2064 di
1315 1987 1502 2066 chiamare
1530 2011 1639 2087 sopra
1658 1984 1684 2061 il

364 2110 580 2212 linguaggio
608 2109 664 2188 del
692 2108 966 2212 Guardasigilli‚
1001 2134 1103 2188 come
1141 2108 1311 2211 soprato
1352 2107 1600 2184 ossorvazioni
1630 2107 1687 2182 oui

363 2253 444 2304 esso
471 2231 516 2305 da
545 2227 664 2329 luogo,
687 2227 934 2305 l’attennionc
960 2228 997 2304 di
1024 2235 1163 2306 cotesto
1191 2227 1260 2330 sig.
1291 2227 1467 2302 Ministro
1494 2224 1589 2325 degli
1623 2223 1690 2301 af-

360 2561 486 2662 ficeret
509 2561 659 2660 facturn
685 2567 729 2632 ut
756 2561 879 2660 arpui
903 2563 1017 2659 queat
1043 2580 1235 2658 quaenam
1259 2555 1354 2656 fides
1374 2553 1613 2655 praestanda
1634 2557 1687 2627 sit

298 2673 299 2678 ’
364 2681 512 2751 iteratis
542 2673 919 2777 proclamationibus
955 2679 1038 2747 tum
1065 2682 1256 2772 respectus
1284 2681 1368 2746 tum
1395 2669 1567 2770 obsequii
1594 2691 1690 2770 erpa

363 2797 612 2900 spiritualem
642 2795 829 2898 Supremi
861 2791 1010 2896 Capitis
1037 2787 1230 2868 Ecclesiae
1259 2790 1579 2865 iurisdictionem.

448 2916 732 2993 Catholicorum
760 2919 1013 2990 eonscientiae
1041 2917 1131 2993 erit,
1170 2913 1284 3012 idque
1320 2915 1434 2983 irrata
1471 2913 1687 2987 ceritatem,

363 3065 442 3114 raon
469 3064 552 3114 cero
581 3059 656 3140 per
684 3039 878 3110 oratorias
907 3030 1101 3109 illecebras
1136 3031 1216 3107 dici
1242 3035 1359 3131 queit,
1391 3049 1556 3128 aequum
1580 3027 1689 3123 farre

366 3159 556 3234 iudicium
583 3179 702 3258 saper
729 3153 923 3229 eiusmodi
961 3151 1181 3228 caldariam.
1218 3147 1305 3250 ipsa
1343 3153 1461 3226 euim,
1492 3145 1692 3247 peculiari

363 3278 475 3355 modo
497 3281 721 3380 perspicere
748 3279 842 3348 sciet
876 3296 1044 3375 quanam
1084 3275 1125 3342 iu
1156 3276 1272 3370 parte
1307 3273 1493 3368 inpratus
1531 3268 1688 3336 animus

364 3405 480 3488 entet;
509 3421 561 3470 an
588 3395 688 3471 idest
715 3392 822 3495 apud
855 3416 943 3466 eum
979 3393 1050 3493 qui
1086 3387 1242 3464 Italiam
1279 3391 1387 3460 omni
1424 3389 1466 3455 in
1504 3381 1689 3457 adiuncto

364 3539 495 3595 amore
513 3525 745 3618 prosecutus
773 3521 842 3597 est,
873 3509 1013 3585 bonum
1041 3515 1124 3582 eius
1153 3511 1321 3586 curavit,
1351 3509 1536 3602 cuiusque
1572 3507 1689 3574 etiam

362 3662 466 3712 niano
500 3637 679 3735 fulcrum
714 3643 794 3715 est,
832 3630 1028 3732 splendor,
1067 3637 1101 3699 et
1131 3625 1425 3728 pulcherrimus
1464 3620 1591 3708 decor;
1629 3617 1687 3692 orl

364 3760 471 3862 apud
509 3759 625 3834 ill-nm
660 3761 730 3857 qui
757 3775 929 3856 prorsus
965 3759 1128 3822 coutetur
1174 3743 1221 3819 ab
1258 3743 1328 3817 lrac
1373 3741 1512 3817 dilecta
1551 3745 1688 3838 patria

362 3889 496 3956 nostra
527 3881 747 3954 maciacum
775 3875 934 3970 auferre
953 3869 1081 3950 decue,
1103 3865 1207 3966 quael
1241 3874 1294 3938 est
1331 3861 1510 3937 Romana
1549 3855 1685 3932 Celle-

363 4001 452 4084 alra,
483 4003 688 4097 aninuoquc
715 3995 889 4094 Aarpusti
919 3987 1121 4087 Pontificio
1149 3982 1437 4061 amaritudines
1466 3989 1499 4051 et
1532 3977 1687 4054 dolores

364 4125 537 4196 iniicere.

443 4237 668 4342 Amplitudo
706 4246 773 4310 lua
811 4241 941 4314 curet.
979 4238 1170 4330 quantum
1204 4230 1249 4300 in
1287 4247 1327 4299 se
1363 4231 1443 4302 est,
1480 4229 1524 4294 ut
1561 4218 1686 4292 incius

363 4361 546 4440 Minis-tri
578 4355 727 4432 Gratiae
775 4356 812 4427 el
853 4350 1017 4426 Iustitiae
1065 4347 1177 4420 cerba
1207 4355 1240 4419 et
1276 4344 1554 4418 obseruationes
1593 4345 1682 4410 ant·

364 4482 576 4560 maduerint
618 4482 686 4551 iste
733 4471 915 4548 Minister
961 4469 1007 4542 ab
1054 4471 1197 4540 ceteris
1241 4467 1411 4568 nepociis
1453 4464 1523 4564 qui
1568 4464 1686 4534 etiam
