3622 5232
694 229 844 278 arnume
1386 213 1448 282 liiii

132 321 328 414 indicandi,
361 325 514 428 eiusque
541 326 784 406 interdicendi
814 327 1154 430 proclamationem:
1185 341 1230 408 ut
1263 329 1451 410 Ecclesiae

132 444 291 547 regimen
322 447 366 522 ad
396 470 511 522 unum
540 449 697 549 spectet,
718 448 777 525 vel
805 448 868 525 uni
889 450 1109 526 subiiciatur
1128 447 1229 526 civili
1245 450 1450 529 Gobannio:

131 589 199 642 nno
233 566 359 660 verbo,
393 590 437 642 ec
465 568 637 659 tendunt,
660 577 706 644 ut
731 567 896 646 Ecclesia
921 567 963 646 in
990 568 1226 647 durissimam
1246 571 1452 650 adducatur

130 684 303 764 Gubernii
329 687 564 763 servitutem.
974 785 977 790 Ι

201 805 302 884 Haec
328 805 446 908 igitur
472 803 598 882 omnia
625 805 721 882 serio
748 807 1033 910 perpendentes,
1060 817 1171 911 atquc
1200 811 1246 888 ad
1273 809 1451 890 Crucibxi

130 927 231 1029 pedes
257 924 416 1027 profusis
430 925 606 1026 lacrymis
616 925 889 1007 considerantes
902 929 1082 1004 immensa
1094 911 1299 1007 animarum
1316 932 1451 1006 damna

129 1047 260 1125 edicti
287 1045 453 1150 pestiferi
481 1045 594 1123 libelli
621 1045 780 1124 lectione
808 1049 975 1125 oritura:
1007 1051 1145 1126 auditis
1167 1050 1451 1128 Venerabilium

129 1166 295 1244 Fratrum
324 1167 545 1242 Nostrorum
572 1167 611 1244 S.
645 1165 695 1244 R.
727 1165 773 1244 E.
797 1166 1052 1245 Ocrdinalium
1072 1167 1112 1244 in
1140 1172 1220 1244 tota
1242 1169 1450 1270 Republica

130 1286 339 1368 Christiana
368 1286 632 1390 inquisitorum
662 1285 898 1363 Generalium
927 1285 1133 1392 suffragiis,
1170 1291 1272 1366 Motu
1301 1289 1452 1392 proprio

129 1417 231 1486 etex
259 1409 364 1484 certa
390 1403 562 1499 scientia,
594 1431 637 1484 ac
667 1409 812 1484 matura
838 1406 1104 1485 deliberatione
1135 1409 1296 1502 Nostra,
1328 1412 1450 1512 deque

130 1526 354 1629 Apostolicae
391 1525 588 1629 potestatis
624 1526 885 1628 plenitudine,
916 1527 1124 1630 praefatum
1164 1529 1328 1608 libellum
1371 1529 1453 1608 ubi·

129 1671 290 1752 cumque,
321 1654 360 1723 et
386 1671 617 1750 quocumque
644 1647 830 1736 idiomate,
854 1673 919 1725 seu
947 1651 1081 1751 quavis
1108 1649 1269 1726 editione
1298 1660 1335 1728 et
1368 1674 1453 1727 ver·

129 1770 224 1845 sione
249 1769 483 1870 impressum,
516 1776 593 1856 aut,
624 1769 736 1868 quod,
759 1768 867 1859 absit,
885 1767 1169 1870 imprimendum
1188 1775 1317 1850 tenore
1338 1795 1452 1874 prae·

129 1893 281 1966 sentium
307 1891 536 1978 damnamus,
570 1890 877 1990 reprobamus,et
904 1887 1141 1992 prohibemus
1170 1892 1237 1968 sub
1257 1892 1451 1970 consuetis

130 2010 297 2087 clausulis
324 2013 360 2086 et
390 2009 518 2110 poenis
546 2010 583 2085 in
612 2009 729 2084 indice
757 2008 934 2086 librorum
953 2009 1156 2088 vetitorum
1173 2009 1336 2105 indictis,
1356 2023 1447 2090 tarn-

130 2154 234 2230 qnam
261 2129 508 2207 continentem
536 2128 719 2204 doctrinas
738 2133 777 2203 el
794 2127 1018 2206 assertiones
1036 2170 1054 2186 ·
1072 2127 1289 2206 inducentes
1311 2131 1349 2207 in
1362 2133 1452 2208 See·

132 2249 331 2350 pticismnm
361 2253 399 2324 et
412 2247 718 2340 incredulitatem,
744 2247 980 2324 scandalnsas
1018 2253 1148 2324 contra
1176 2249 1292 2325 bonos
1313 2275 1446 2343 naeres,

132 2366 254 2469 impias
271 2367 476 2468 respective
492 2365 615 2458 falsas,
631 2366 865 2461 temerarias,
888 2366 1088 2468 captiosas,
1104 2389 1280 2444 erroneas
1299 2368 1449 2462 haeresi

133 2485 322 2588 proximas,
355 2487 399 2564 de
427 2487 571 2564 haeresi
601 2491 804 2588 suspectas,
837 2486 1037 2564 iniuriosae
1066 2495 1104 2562 et
1131 2486 1379 2566 calumniosas
1412 2492 1450 2567 in

135 2607 245 2685 odium
272 2607 368 2684 sacri
397 2605 637 2683 ecclesiastici
667 2605 882 2698 Ministerii,
914 2604 1053 2683 divinis
1082 2604 1269 2682 Ecclesiae
1306 2605 1450 2686 iuribus

135 2727 353 2828 derogantes,
378 2724 482 2802 Fidei
500 2725 718 2827 divinaeque
738 2725 1022 2803 Constitutinnis
1037 2723 1227 2802 Ecclesiae
1246 2727 1446 2822 eversivas,

136 2847 432 2926 Protestantismo
449 2845 602 2946 eiusque
617 2845 873 2948 propagationi
892 2843 1073 2940 faventes,
1091 2845 1360 2924 schismaticas.
1383 2893 1401 2904 -

203 2967 406 3044 Hortamur
441 2965 566 3069 itaque
600 2969 640 3041 et
682 2967 910 3042 obtestamur
939 2966 978 3041 in
1015 2964 1175 3041 Domino
1204 2965 1449 3042 Venerabiles

134 3085 271 3165 Fratres
298 3086 552 3178 patriarchas,
576 3084 896 3186 Archiepiscopos‚
920 3083 1138 3187 Episcopus,
1171 3085 1337 3187 aliosque
1378 3088 1445 3164 Le·

134 3233 246 3285 corum
274 3206 516 3297 Ordinarios,
550 3208 619 3296 ut,¹
644 3229 709 3306 pro
739 3204 809 3280 sibi
844 3204 1027 3282 divinitus
1064 3204 1259 3282 commisso
1298 3205 1451 3306 docendi

133 3326 362 3418 ministerio,
396 3325 628 3402 meminerint
655 3350 694 3401 se
728 3323 895 3399 districte
940 3325 1057 3400 teneri
1097 3325 1141 3400 ad
1193 3325 1451 3402 instruendum

132 3445 277 3548 Gregem
307 3446 348 3522 in
376 3445 559 3522 catholica
586 3445 785 3535 doctrina,
818 3447 929 3545 atque
958 3445 1002 3522 ad
1046 3467 1107 3520 eos
1136 3445 1344 3547 arguendos
1387 3444 1452 3544 qui

133 3566 394 3658 contradicunt,
429 3563 654 3667 proindeque
683 3563 728 3638 ad
758 3561 871 3638 modis
898 3562 1099 3656 omnibus,
1133 3563 1315 3662 omnique.
1348 3563 1451 3639 solli·

132 3688 295 3778 citudine,
330 3691 369 3765 et
397 3686 598 3790 apostolica
626 3686 801 3762 firmitate
829 3687 1087 3786 satagendum,
1120 3689 1162 3762 ut
1189 3709 1328 3762 evesa
1375 3692 1448 3763 tam

130 3811 315 3887 venenatis
342 3808 503 3911 pascuis,
535 3807 674 3884 scilicet
702 3807 747 3882 ab
777 3805 884 3882 huius
912 3804 1016 3908 impii
1046 3809 1085 3880 et
1112 3803 1307 3882 execrandi
1337 3804 1448 3883 libelli

132 3926 278 4006 lectione
307 3932 541 4012 avertantur¹

205 4050 259 4129 Ut
286 4058 409 4128 autem
439 4051 586 4126 eaedem
615 4051 830 4150 praesentes
850 4047 1014 4124 Litterae
1034 4047 1206 4123 omnibus
1226 4045 1371 4124 facilius
1390 4046 1451 4123 in-

136 4173 329 4259 notescant,
363 4169 653 4269 necquicquam
684 4166 827 4243 illarum
860 4169 1106 4268 ignorantiam
1137 4166 1296 4268 allegare
1316 4165 1445 4268 possit,

141 4286 295 4365 volumus
322 4295 360 4366 et
386 4289 648 4378 decernimuS‚
680 4285 763 4362 illas
792 4288 837 4364 ad
875 4286 1002 4362 valvas
1042 4285 1224 4363 Basilicae
1264 4286 1450 4388 Principis

140 4405 408 4508 Apostolorum,
440 4413 479 4483 et
505 4405 758 4485 Cancellariae
788 4405 1052 4507 Apostolicae,
1083 4429 1154 4482 nec
1192 4431 1266 4482 non
1312 4407 1449 4485 Curiae

143 4528 307 4624 generalis
335 4530 374 4605 in
402 4531 528 4606 Monte
556 4525 753 4620 Oitatorie,
770 4531 808 4601 et
835 4527 874 4603 in
891 4527 981 4604 Acie
995 4525 1127 4627 Campi
1146 4526 1254 4636 Flore
1281 4527 1323 4600 de
1346 4527 1447 4605 Urbe
