3674 5210
667 223 806 272 61661611
831 223 990 272 6661161161
1479 203 1501 272 o

177 327 297 426 mique
327 324 385 399 sui
415 319 670 400 submissionis
698 320 962 400 Constitutioni
991 323 1034 397 de
1062 319 1227 400 Ecclesia
1254 319 1397 400 Christi
1427 319 1500 395 edi·

173 448 233 522 tae
260 444 300 521 16
328 445 383 522 IV
410 442 571 520 sessione
598 441 824 519 oecumenici
855 440 997 517 concilii
1030 441 1223 529 Vaticani,
1255 441 1314 518 cui
1343 441 1497 516 sessioni

174 563 252 666 ipse
280 588 355 641 non
383 561 568 655 adfuerat3
597 559 688 662 quin
716 564 755 637 61
783 560 859 638 1166
889 561 954 663 ipsi
986 562 1030 638 ad
1051 561 1121 638 hoc
1148 560 1310 638 debitum
1342 559 1501 636 officium

172 683 432 786 praestandum
464 680 567 759 illum
596 681 736 759 hortati
780 683 892 780 atque
939 679 1113 756 obtestati
1141 677 1304 773 luimus,
1336 679 1505 780 exemplo

171 802 364 904 proposito
392 801 547 878 aliorum
577 801 859 904 Episcoporum
891 798 956 900 qui
985 818 1065 876 eam
1095 798 1396 888 declarationem,
1422 821 1504 874 cum

171 928 329 1024 quartae
356 922 511 998 sessioni
540 945 615 998 666
643 919 915 1000 interfuissent.
938 921 1047 996 edere
1075 943 1148 995 666
1177 919 1407 997 dubitarunt.
1440 915 1505 994 1116

171 1046 297 1121 autem
329 1042 448 1145 primo
476 1067 597 1120 moras
625 1046 776 1119 nectere
805 1043 927 1143 coepit
954 1066 996 1116 ac
1026 1041 1279 1142 tergiversari,
1311 1047 1387 1116 tum
1419 1063 1504 1140 per·

173 1167 350 1244 vicaciter
378 1191 554 1259 asserere,
587 1165 625 1244 id
653 1191 693 1242 se
720 1165 851 1242 utilius
878 1171 1064 1256 acturum,
1091 1171 1283 1267 postquam
1313 1165 1351 1240 in
1372 1166 1502 1242 Sedem

171 1311 277 1364 suam
308 1309 479 1362 reversus
507 1293 614 1376 esset,
639 1284 843 1386 pollicendo
872 1284 983 1362 simul
1010 1311 1050 1362 66
1078 1284 1171 1360 nihil
1191 1287 1412 1361 omissurum
1431 1307 1504 1384 quo

172 1407 289 1483 Nobis
318 1404 563 1482 satisfaceret.
596 1405 675 1482 Hoc
704 1403 848 1493 1661616Ι
873 1427 946 1480 666
975 1406 1098 1505 potuit
1125 1405 1240 1480 Nobis
1269 1403 1504 1482 6666116666

172 1549 352 1628 magnum
382 1523 544 1602 dolorem
572 1527 611 1601 61
638 1524 894 1617 anxietatem,
925 1547 1021 1624 6666
1049 1548 1092 1599 66
1120 1524 1240 1623 magis
1267 1533 1378 1600 aucta
1405 1521 1500 1627 1611,

173 1670 257 1722 61161
289 1644 349 1720 1116
375 1641 734 1748 Constantinopolim
766 1645 967 1735 advectus,
1001 1642 1402 1720 Neoschismaticurum
1432 1644 1506 1718 Ar-

175 1764 379 1840 meniorum
425 1763 626 1855 blanditiis,
658 1769 696 1841 et
722 1760 913 1840 fraudibus
954 1762 1228 1838 circumventus
1258 1789 1300 1839 ac
1327 1759 1505 1862 exemplis

173 1885 366 1972 incitatus,
391 1905 474 1956 cum
494 1882 542 1958 iis
560 1883 673 1960 etiam
703 1879 900 1980 aliquando
919 1879 959 1958 in
978 1879 1117 1956 divinis
1136 1880 1410 1956 66161116616666
1430 1904 1503 1956 nou

173 2003 390 2079 dubitavit:
423 2009 461 2078 et
489 2005 573 2080 dum
605 2026 710 2083 suam
739 2000 954 2078 fidelitatem
983 2001 1154 2079 civilibus
1182 2002 1322 2103 legibus
1350 2001 1505 2078 solemni

180 2122 352 2221 quodam
372 2126 458 2197 actu
488 2121 737 2222 profiteretur,
761 2145 837 2197 non
855 2119 1016 2198 obscure
1037 2121 1244 2198 insinuavit
1274 2122 1505 2224 Apostolicas

172 2241 332 2316 Nostrae
359 2240 643 2320 constitutiones
684 2241 812 2318 iisdem
854 2241 1058 2318 adversari.
1090 2241 1171 2330 Quo
1213 2245 1379 2344 tempore
1416 2241 1506 2320 illud

174 2363 288 2436 etiam
318 2362 487 2453 accessit,
507 2365 549 2437 ut
567 2361 637 2462 ipsi
667 2361 807 2462 Legato
827 2359 964 2436 Nostro
983 2362 1280 2438 extraordinario
1299 2365 1389 2437 1666
1409 2361 1507 2446 tlon-

173 2479 418 2580 stantiuopoli
447 2480 690 2555 commoranti
716 2480 840 2556 debita
867 2481 978 2556 etiam
1010 2481 1233 2557 urbanitatis
1253 2481 1375 2558 officia
1403 2482 1508 2559 exhi-

174 2600 261 2675 bere
289 2598 527 2698 neglexerit:
558 2601 598 2677 et
624 2598 763 2675 litteris
792 2625 815 2674 a
842 2599 982 2676 Nostra
1017 2599 1318 2701 Gougragatione
1356 2601 1503 2692 missis,

173 2721 311 2820 quibus
339 2723 548 2820 opportuna
576 2718 717 2794 monita
762 2720 871 2795 erant
909 2718 1145 2810 concredita,
1178 2718 1338 2796 nullum'
1359 2723 1508 2798 omnino

174 2863 392 2940 responsum
420 2838 561 2914 dederit
584 2861 593 2931 ;
625 2861 668 2914 66
696 2840 887 2937 praeterea
915 2838 954 2912 16
984 2839 1290 2940 Mesopotamiam
1320 2865 1503 2932 reversus,

175 2981 356 3035 novarum
387 2981 509 3033 rerum
549 2957 786 3033 molitoribus
828 2956 1044 3041 studuerit,
1075 2965 1112 3032 et
1140 2958 1258 3035 multa
1285 2966 1423 3037 temere
1452 2964 1506 3038 di-

176 3077 290 3171 xerit,
321 3100 430 3180 quae,
465 3077 519 3151 uti
551 3075 707 3152 velatum
736 3074 832 3166 1611,
864 3099 938 3152 666
968 3077 1072 3152 modo
1101 3101 1184 3154 6616
1214 3079 1387 3155 catholici
1418 3082 1509 3184 upi-

178 3197 279 3299 scopi
309 3195 444 3288 officic‚
469 3197 531 3271 sed
559 3195 673 3274 etiam
702 3219 785 3273 cum
815 3196 895 3296 ipsa
914 3195 1119 3271 orthodoxa
1147 3197 1218 3274 tide
1245 3202 1414 3301 componi
1434 3225 1510 3279 non

180 3322 372 3421 poterant.

263 3430 326 3509 10.
358 3433 460 3512 Haec
504 3431 611 3510 nobis
651 3432 903 3509 dolentissima
947 3434 1213 3529 audientibus,
1245 3438 1509 3516 obversabatur

179 3553 307 3631 auimo
347 3551 568 3629 dominicum
606 3556 841 3654 praeceptum
871 3553 916 3628 B.
947 3555 1063 3630 Petro
1100 3556 1228 3632 datum
1266 3556 1510 3635 ccufimuandi

181 3673 331 3764 fratres,
364 3695 512 3770 unaque
548 3672 710 3748 debitum
749 3673 953 3748 animarum
998 3673 1131 3749 salutis
1172 3679 1442 3775 procurandae,
1473 3689 1512 3752 et

179 3793 306 3868 tuendi
335 3791 507 3868 dominici
535 3793 672 3892 gregis.
704 3789 933 3866 Gravissima
973 3793 1069 3866 euim
1117 3793 1228 3869 Nobis
1265 3799 1346 3888 erat
1383 3795 1509 3871 condi-

133 4011 135 4015 *
182 3914 251 4006 tio,
287 3915 484 4012 adquam,
516 3912 713 3989 inimicitia
739 3919 777 3988 et
805 3914 929 4014 pravis
968 3915 1109 3990 artibus
1151 3916 1416 4014 quorumdam,
1447 3915 1512 4016 qui

182 4057 222 4108 se
253 4029 494 4111 patriarchae
540 4029 747 4131 patrocinio
783 4029 955 4106 suffultos
991 4033 1187 4124 dicebant,
1220 4036 1393 4110 redactus
1431 4037 1512 4110 erat

182 4155 283 4230 Van.
316 4152 379 4228 Fr.
410 4151 630 4228 Timotheus
659 4151 967 4253 Archiepiscopus
1009 4152 1276 4230 Chaldaeorum
1309 4155 1511 4231 1116111611-

183 4271 389 4347 riensium:
419 4271 483 4372 qui
513 4269 699 4346 insensum
729 4271 767 4345 16
797 4295 836 4346 66
863 4270 1023 4346 eiusdem
1068 4272 1311 4349 Patriarchae
1350 4275 1512 4350 animum

182 4393 347 4467 sentiens
375 4389 649 4467 dolentissimae
677 4390 928 4490 queriumnias
956 4394 994 4465 61
1021 4416 1150 4493 preces
1178 4400 1216 4468 et
1244 4392 1358 4468 semel
1378 4400 1416 4468 et
1444 4393 1511 4468 ite·

184 4537 267 4588 rum
299 4514 342 4587 ad
372 4513 448 4588 Nos
476 4514 599 4602 dabat,
634 4519 783 4589 616661
832 4515 1132 4616 permitteremus
1161 4517 1206 4592 ab
1234 4515 1432 4617 episcopali
1460 4516 1513 4591 61-
