3622 5232
410 213 452 284 78
910 237 1218 290 cisrrnnnnosuuuu
1242 241 1362 290 «suecos

411 377 429 418 »
452 349 524 422 ctio
543 353 775 447 provocaret:
797 348 967 450 quamvis
994 372 1120 424 eorum
1150 371 1274 424 annun
1303 351 1508 450 praebenda
1527 350 1579 426 cis
1599 351 1645 427 ad
1666 351 1741 426 hoc
1803 341 1804 346 ¹

412 466 635 574 rsufficiens
662 491 740 542 csse
769 468 957 544 deberet.»
981 467 1077 543 idern
1100 469 1273 568 probatur
1296 493 1341 543 ox
1362 479 1470 544 tectu
1492 475 1533 542 in
1560 468 1654 572 Cup.
1688 472 1738 546 dr

409 597 553 662 coetero
582 585 626 658 dc
654 587 782 661 cinric.
806 611 884 661 non
903 586 1022 662 resz'd.
1049 583 1143 688 Cap.
1167 587 1252 661 licet
1279 588 1325 664 de
1339 590 1473 689 proed.
1501 588 1592 692 Cup.
1625 589 1735 668 Unio.

408 705 453 789 de
481 706 572 780 cler.
596 729 672 778 non
701 705 818 781 resid.
842 711 887 780 in
914 707 956 782 6.
984 705 1076 810 Cap.
1112 708 1183 807 fin.
1219 708 1244 805 ξ
1273 713 1311 783 si
1337 721 1468 784 acrem
1496 709 1542 784 dc
1568 735 1735 785 corness.

406 823 611 926 praebend.
628 834 662 899 ct
687 823 778 926 Cup.
797 827 864 923 fin.
889 829 913 926 ξ
942 826 1153 902 cdr'r’cimus
1181 829 1227 902 dc
1255 842 1349 902 sent.
1380 853 1525 904 ccccm.
1553 829 1635 906 cod.
1668 829 1734 904 tid.

414 941 529 1020 Clem.
552 955 594 1016 ut
623 949 654 1017 n·
680 950 751 1043 qui
778 945 824 1020 de
865 953 978 1018 artat.
1012 953 1047 1020 et
1087 947 1224 1047 qualit.
1270 957 1301 1020 et
1341 947 1426 1023 ord.
1461 947 1622 1050 percepto.
1655 948 1740 1023 nu-

409 1073 508 1138 trac.
537 1063 592 1138 10
621 1073 654 1137 rt
684 1063 737 1138 11
770 1063 815 1138 dc
835 1063 1049 1166 praebend.
1074 1071 1174 1138 inter
1203 1090 1395 1140 commun.
1422 1067 1538 1143 Porro
1568 1068 1630 1143 nbi
1656 1070 1739 1143 An-

409 1178 536 1256 tonius
564 1179 631 1252 etsi
663 1203 836 1278 praesens
876 1178 1000 1256 Ohoro
1042 1178 1322 1256 distributiones
1366 1187 1462 1256 esset
1502 1181 1733 1274 amissurus,

409 1298 643 1400 potiusquam
673 1298 769 1374 ellici
801 1301 843 1374 ad
872 1298 1018 1376 choratc
1047 1300 1255 1393 servitium,
1274 1301 1320 1376 ab
1342 1301 1467 1376 eodem
1489 1301 1607 1377 arceri
1636 1301 1737 1378 vide·

408 1423 525 1496 retur.

516 1539 668 1638 Insuper
695 1544 821 1611 notunr
851 1543 908 1612 est
946 1536 984 1612 in
1027 1536 1106 1612 iure
1144 1536 1418 1614 distributiones
1455 1537 1578 1613 deberi
1616 1538 1735 1615 solurn

408 1658 663 1760 praesentibus
705 1667 816 1756 atrpe
860 1656 1161 1734 interessentibus
1200 1657 1335 1735 divinis
1376 1657 1521 1734 offiens.
1566 1659 1741 1735 Decrevit

408 1803 567 1880 namque
597 1777 810 1852 Bouiiacius
843 1777 923 1852 thi
953 1783 993 1848 in
1027 1775 1119 1879 Cap.
1142 1783 1249 1852 orric.
1270 1777 1315 1852 dc
1350 1773 1449 1852 δίεν.
1487 1803 1566 1852 nore
1595 1778 1735 1856 Rcsr'd.

410 1909 450 1976 in
478 1900 507 1975 6
530 1929 548 1971 r
570 1899 778 1976 Statuirnus
809 1909 847 1972 ut
875 1898 1151 1973 distributiones
1179 1897 1280 2001 ipsae
1308 1899 1557 1997 quotidianae.
1583 1899 1621 1975 in
1650 1902 1734 2000 qui-

412 2046 429 2090 »
456 2021 676 2116 buscuuique
703 2018 813 2090 rebus
841 2017 1060 2106 consistent,
1082 2013 1277 2091 Canonicis
1306 2019 1345 2090 et
1372 2013 1454 2090 eliis
1495 2014 1734 2090 Bneiiciatis

412 2140 492 2212 »et
518 2135 671 2215 Clericis
702 2137 862 2234 iposrurn
894 2132 1141 2212 Ecclesiarum
1172 2134 1235 2234 qui
1265 2135 1399 2209 eisden:
1450 2133 1636 2210 adfuerint
1664 2138 1738 2214 tri·
1803 2183 1804 2196 .

411 2253 613 2328 »tuantur
637 2279 655 2322 s
679 2252 756 2326 Hoc
784 2252 970 2326 decretum
1000 2249 1037 2324 in
1068 2273 1170 2324 usuro
1201 2249 1388 2324 revocavit:
1416 2250 1621 2326 Concilium
1652 2253 1739 2327 Tri-

409 2373 596 2452 dentinunr
628 2379 671 2448 in
705 2371 796 2476 Cup.
821 2370 881 2448 12
910 2371 1014 2448 Scss,
1036 2370 1095 2447 24
1124 2371 1169 2444 de
1188 2369 1362 2471 Reform.
1387 2371 1623 2471 firmavitque
1652 2397 1735 2473 pra·

412 2497 467 2570 xis
497 2493 631 2569 Sacrae
658 2491 969 2591 Conpregationis
995 2490 1164 2568 Consilii.

514 2613 713 2687 Praeterea
739 2613 778 2688 S.
805 2613 902 2688 nota
918 2610 956 2686 in
971 2610 1218 2686 decisionibus
1246 2609 1542 2711 quampluribus,
1565 2614 1603 2684 ct
1623 2634 1739 2710 prae-

407 2734 513 2834 cipue
543 2737 584 2805 in
612 2731 727 2806 eteris.
768 2729 857 2806 483
884 2754 995 2806 num.
1023 2729 1045 2804 1
1077 2727 1194 2805 decis.
1235 2726 1324 2803 689
1354 2754 1461 2803 num.
1501 2727 1528 2800 7
1549 2738 1662 2830 part.
1708 2726 1739 2803 3
1803 2819 1804 2822 Ἴ

407 2852 560 2928 iterent.
580 2849 757 2948 aliisque,
794 2849 912 2924 ..enuit
938 2845 1216 2924 distributiones
1245 2844 1397 2922 Clericis
1426 2847 1550 2923 deberi
1590 2847 1737 2921 ratione

406 2971 547 3047 servitii
579 2968 794 3071 personalis,
819 2993 891 3044 non
913 2978 1079 3070 respectu
1100 2968 1213 3057 tituli,
1239 2993 1305 3044 nec
1323 2968 1400 3044 dari
1429 2973 1620 3069 tamquam
1650 2969 1732 3046 Ca-

407 3093 553 3179 nonico,
583 3091 644 3164 sed
674 3096 860 3189 tarnquaru
891 3087 1028 3163 divinis
1072 3089 1301 3164 inservienti.
1335 3085 1559 3166 Oanonistae
1603 3092 1735 3168 autern

405 3234 531 3286 omncs
559 3207 870 3298 consecratione
900 3206 1035 3283 laboris
1063 3212 1099 3282 et
1136 3207 1257 3308 operis
1298 3206 1450 3308 impensi
1494 3207 1534 3282 in
1565 3206 1734 3284 Ecclesia

405 3325 546 3407 Christi
566 3324 719 3402 Clericis
735 3325 1014 3404 distributiones
1025 3350 1104 3401 esse
1125 3325 1396 3425 persolvendas.
1412 3328 1545 3420 Pr'tcp.
1558 3326 1732 3428 Dr'srepl.
1803 3395 1804 3400 ,

404 3446 548 3524 Ecclcs.
571 3444 594 3521 1
628 3469 734 3518 rrum.
757 3441 816 3521 35
844 3443 1042 3521 Benedici.
1066 3443 1276 3522 XIVInst.
1296 3445 1384 3522 167
1401 3471 1512 3520 nuci.
1537 3443 1596 3521 58
1631 3443 1737 3521 Gen-

404 3566 484 3642 zai.
513 3563 723 3639 Commeat.
747 3563 798 3638 cd
823 3563 923 3667 Rep.
946 3563 975 3639 8
1009 3563 1174 3638 Cunccil.
1199 3565 1223 3660 ἓ
1252 3565 1278 3638 7
1300 3589 1476 3667 procem.
1496 3563 1620 3642 Num.
1646 3563 1737 3640 162

404 3694 439 3759 et
468 3683 554 3760 165
583 3684 674 3762 Corn
704 3681 829 3784 itaqu'e
873 3683 1058 3760 Antonius
1098 3681 1293 3758 servitium
1323 3681 1447 3761 Oboro
1477 3682 1732 3783 praestiterit,

404 3804 613 3882 necessario
642 3805 881 3904 consequitur
908 3805 987 3880 eius
1015 3803 1141 3879 favore
1169 3803 1446 3880 distributiones
1474 3803 1616 3879 cedere.

513 3925 688 4000 Notaturn
718 3930 774 3999 cst
815 3927 926 4000 etiarn
970 3922 1249 3999 distributiones
1290 3923 1462 4000 inventas
1490 3933 1528 3998 et
1564 3923 1736 4000 inductas
1803 3915 1804 3922 '

403 4045 516 4124 fuisse
544 4051 586 4122 ut
614 4045 734 4122 cultus
775 4045 924 4128 divinus
965 4045 1003 4117 in
1047 4043 1217 4118 Ecclesii.
1263 4049 1447 4144 augeatur
1489 4067 1537 4118 cn
1571 4043 1646 4119 Po·
1679 4045 1702 4120 I
1709 4045 1741 4119 V

404 4165 524 4242 verbis
551 4166 614 4268 qui
644 4171 687 4241 ia
716 4171 866 4241 translit.
889 4160 948 4238 55
979 4167 1020 4236 iu
1051 4187 1117 4264 pr.
1159 4164 1422 4263 praemonebat
1456 4162 1625 4238 colentes
1659 4171 1739 4266 ipe·-

403 4293 472 4362 tur
499 4293 749 4388 quantumin
768 4286 874 4360 nobis·
890 4297 942 4360 est
959 4285 1093 4360 diurno
1113 4283 1238 4359 cultui
1257 4285 1456 4359 consulere
1478 4283 1591 4359 Cone.
1620 4285 1733 4361 Trid.

403 4410 448 4480 in
476 4405 577 4483 Sess.
600 4405 655 4486 21
693 4405 784 4507 Cup.
809 4401 836 4479 3
865 4403 910 4477 de
938 4407 1098 4502 reform.
1132 4427 1212 4478 curn
1242 4403 1519 4479 distributiones
1548 4405 1737 4504 quotidia-

402 4546 468 4604 nas
513 4525 549 4608 in
597 4524 708 4612 ,teriia
755 4534 860 4634 parte
902 4521 1088 4597 fructuuni
1137 4523 1380 4599 constitueret
1422 4523 1514 4599 haec
1561 4526 1736 4604 monebut
