3670 5222
424 289 722 342 numericorum
747 289 917 340 corcunsrs
940 294 979 338 ro
1004 289 1166 338 rauciens
1391 257 1460 337 {29

245 413 262 455 ι
293 385 353 462 Sic
382 387 523 486 pariter
550 385 595 460 de
623 382 885 487 singularitate
913 384 1088 485 opinatur
1116 381 1375 463 diversimode.

245 535 263 577 »
293 505 330 580 3.
363 502 490 591 Quoad
517 505 735 582 electionem
764 528 849 580 vero
877 507 974 579 inter
1003 506 1226 605 approbatos
1246 507 1290 580 ab
1314 503 1459 606 tipisco-

143 657 157 693 »
191 651 235 726 po
263 625 466 703 faciendam
497 627 686 706 dissimilis
724 629 839 704 etiam
867 631 1064 709 Ouriarum
1101 633 1158 704 est
1188 627 1332 730 praxis.
1365 627 1465 706 Alibi

144 783 156 806 2
189 746 327 824 sufficit
353 747 512 848 aliquem
543 773 623 823 esse
651 752 891 849 adprobatum
921 747 1006 824 licet
1027 747 1158 823 minori
1197 746 1462 851 suffragiorum

140 897 155 934 »
189 891 358 957 numero,
391 893 502 970 quam
532 869 624 944 alios
653 876 695 947 ut
723 870 846 946 valeat
873 868 976 945 illurn
1009 865 1211 969 Episcopus
1231 867 1381 971 eligere;
1402 868 1464 947 hic

140 1019 156 1054 »
187 991 312 1063 autem
341 1011 415 1064 non
443 994 566 1091 potest
592 988 798 1092 Episcopus
819 989 961 1091 ‘eligere
992 988 1064 1065 nisi
1091 1013 1201 1092 quem
1241 989 1358 1066 maior
1385 989 1461 1067 suf·

140 1135 155 1172 a
187 1105 394 1208 fragiorum
424 1133 599 1185 numerus
628 1099 833 1211 digniorem
861 1112 1106 1195 demonstrat,
1139 1108 1227 1212 quia
1254 1107 1463 1210 digniorem

141 1225 325 1326 »eligere
352 1228 479 1319 deber,
512 1231 608 1306 unde
651 1227 859 1305 huiusmodi
905 1227 1036 1304 electio
1074 1235 1245 1306 nonest
1282 1227 1399 1304 libera
1425 1228 1465 1306 in

141 1377 156 1412 ι
186 1343 385 1449 Episcopo,
417 1350 478 1424 sed
506 1351 689 1451 pendete
718 1346 906 1450 suffragiis
936 1349 1262 1426 Examinatorum.

244 1495 264 1540 ›
296 1464 345 1541 Et
374 1468 429 1544 ita
455 1470 500 1544 de
531 1469 614 1546 aliis
643 1467 957 1560 difformitatibus‚
990 1493 1037 1544 ne
1065 1468 1224 1545 nimium
1256 1468 1334 1542 Vos
1362 1466 1464 1542 lasti-

141 1621 157 1660 ι
187 1591 299 1675 diarii,
335 1587 416 1666 uni
444 1612 488 1678 ac
517 1589 604 1666 nni
627 1591 772 1680 Patres,
813 1589 1009 1666 dicendum
1036 1594 1145 1666 esset.
1180 1587 1278 1663 Hinc
1295 1609 1466 1675 normam

142 1710 441 1789 »authenticam
474 1711 521 1785 ab
562 1710 633 1785 ista
655 1707 710 1786 S.
741 1710 1040 1810 Congregatione
1080 1706 1316 1786 sanciendam
1354 1713 1391 1781 et
1423 1706 1463 1781 in

142 1859 157 1896 ›
187 1830 295 1930 praxi
324 1831 370 1906 ab
398 1829 568 1906 omnibus
596 1831 813 1906 servandam
842 1830 1028 1904 crederem
1057 1829 1319 1929 opportunam,
1353 1825 1384 1900 si
1414 1825 1466 1900 ita

141 1979 157 2018 ι
191 1951 305 2026 Vobis
332 1973 477 2050 quoque
507 1950 701 2040 videbitur,
734 1949 794 2024 vel
822 1947 952 2026 saltem
980 1973 1039 2024 me
1068 1949 1234 2024 omnium
1263 1945 1465 2047 imperitis·

141 2096 159 2138 »
189 2071 323 2145 simum
353 2071 505 2146 edocere
536 2069 670 2146 velitis.
707 2099 725 2143 ›
813 2049 816 2056 “

543 2197 791 2301 ”ineptatio
812 2238 1038 2301 synopsim.
1117 2213 1119 2219 ’

214 2379 408 2459 Eiusmodi
436 2380 690 2480 quaestionem
720 2379 892 2455 dirimere
920 2380 1065 2455 videtur
1083 2377 1238 2456 Garzias
1259 2377 1315 2454 De
1334 2377 1455 2477 benef.

132 2513 239 2606 pert.
274 2501 317 2586 9,
346 2527 457 2576 rrum.
491 2498 550 2577 38
579 2509 613 2573 et
640 2524 742 2602 seqq.
773 2499 836 2574 ubi
866 2497 979 2573 refert
1006 2497 1293 2577 declarationem
1323 2497 1462 2598 Synodi

137 2621 335 2698 Toletanae
363 2624 406 2696 ad
435 2617 746 2698 Constitutionern
776 2617 835 2694 Pii
865 2618 899 2692 V
930 2617 978 2694 In
1011 2617 1255 2717 conferendis
1292 2642 1313 2692 a
1341 2615 1380 2693 S.
1412 2616 1457 2704 O.

137 2739 434 2844 Congregatione
461 2739 698 2839 adprobatam
728 2761 825 2814 anno
857 2733 973 2828 1577;
1013 2735 1102 2812 hinc
1135 2759 1267 2837 operae
1303 2737 1460 2836 pretium

138 2863 307 2960 putatum
338 2860 409 2934 luit
436 2859 562 2934 eadem
596 2858 707 2932 v'erba
736 2855 891 2956 praefati
920 2857 1082 2932 auctoris
1120 2855 1270 2940 referre,
1312 2857 1466 2934 Garzias

137 2979 259 3078 itaque
287 2981 334 3056 de
363 2979 552 3078 benefieiis·
574 2988 682 3080 port.
717 2976 756 3061 9,
790 3001 900 3052 num.
934 2975 993 3054 38
1022 2986 1056 3052 et
1084 2999 1185 3077 seqq.
1218 2973 1309 3050 haec
1336 2975 1463 3052 habet.

217 3127 236 3169 ‹
269 3098 446 3186 Quamvis
475 3097 602 3172 Zereia
633 3105 674 3171 tn
694 3104 822 3199 proci
865 3095 1091 3200 Episcopati
1133 3094 1156 3170 1
1193 3105 1302 3197 port.
1348 3097 1458 3171 verbo

140 3248 158 3289 s
194 3219 439 3315 Porocbto§
484 3214 581 3299 2,2
608 3217 697 3290 rtet.
730 3221 767 3291 et
793 3211 938 3290 Oeehus
965 3216 1010 3290 de
1048 3213 1180 3317 repub.
1220 3212 1323 3288 Eecl.
1366 3211 1460 3315 Cap.

141 3368 158 3407 »
189 3338 250 3414 28
270 3338 314 3412 de
326 3337 487 3438 paroch.
512 3362 553 3410 a.
575 3335 603 3408 6
623 3333 748 3410 dicant
766 3333 926 3409 edictum
944 3357 1024 3408 esse
1040 3331 1288 3407 necessarium
1303 3355 1351 3406 ex
1367 3332 1467 3406 dicta

144 3491 158 3526 »
191 3458 297 3535 Bulla
324 3459 386 3534 Pii
431 3459 460 3532 V
492 3461 530 3534 et
556 3455 806 3532 declaratione
838 3455 877 3531 S.
913 3453 1226 3556 Congregationis
1258 3450 1466 3552 dicentibus

142 3610 157 3647 »
189 3579 423 3656 collationem
453 3575 700 3678 parochialem
730 3574 866 3650 factam
895 3573 975 3647 sine
1003 3575 1174 3646 examine
1205 3595 1270 3672 per
1307 3593 1464 3646 concur·

142 3725 269 3775 »sum
298 3721 378 3773 esse
406 3696 560 3786 nullam,
592 3703 716 3771 tamen
746 3693 938 3784 falluntur,
983 3689 1065 3767 nam
1104 3691 1264 3767 edictum
1299 3713 1372 3766 non
1409 3692 1466 3762 est

143 3851 157 3889 s
188 3818 353 3919 praecise
380 3822 645 3892 necessarium
674 3817 717 3890 ad
746 3837 978 3900 concursum,
1011 3811 1072 3912 qui
1102 3813 1184 3887 sine
1223 3810 1342 3885 edicto
1384 3806 1464 3883 fieri

143 3965 158 4002 »
191 3939 323 4036 potest,
357 3936 398 4011 ut
427 3933 464 4007 in
491 3933 588 4008 dioto
617 3933 763 4007 decreto
788 3927 959 4006 Concilii.
984 3928 1024 4002 ln
1044 3951 1116 4026 quo
1137 3925 1247 4000 etiam
1265 3925 1465 4000 novissime

144 4085 158 4120 »
190 4053 333 4130 fallitur
363 4054 463 4130 ioan.
486 4051 706 4128 Franciscus
726 4050 801 4125 Leo
823 4055 866 4122 iri
886 4049 1060 4123 thesaur.
1080 4050 1160 4146 for.
1184 4044 1368 4148 Erotem)
1388 4042 1462 4126 18,

144 4203 159 4240 »
188 4197 229 4246 a.
260 4171 368 4250 28...
401 4171 596 4248 Terminus
626 4168 743 4245 Edicti
774 4166 892 4243 currit
919 4189 964 4240 ex
993 4190 1066 4266 quo
1095 4171 1168 4239 tani
1200 4165 1238 4238 in
1263 4163 1379 4238 valvis
1403 4159 1463 4235 lio·

144 4322 159 4359 ›
189 4291 319 4367 olesiae
339 4288 575 4369 Oathedralis
594 4311 704 4388 quam
728 4285 912 4360 Ecclesiae
935 4281 1100 4358 beneficii
1118 4279 1322 4382 praefixum
1339 4288 1465 4369 estet

144 4439 159 4480 ›
189 4411 456 4511 expectandum
472 4410 544 4483 erit
567 4407 663 4506 quod
678 4405 828 4480 labatur
851 4402 1032 4477 terminus
1047 4425 1093 4474 ex
1115 4423 1187 4500 quo
1209 4398 1336 4473 ultimo
1351 4417 1461 4496 prae·

145 4559 160 4600 >
193 4532 302 4607 lixum
319 4537 389 4606 est.
408 4531 485 4606 Nec
498 4537 555 4604 est
569 4527 816 4604 necessarium
833 4521 1111 4626 quodEblictum
1131 4527 1205 4596 stet
1221 4518 1373 4596 affixum
1397 4541 1459 4617 per

246 4656 325 4708 Aeta,
343 4651 411 4698 Turn.
435 4649 467 4712 Χ,
478 4651 552 4710 succ.
568 4647 643 4697 cxl.
1366 4643 1381 4687 9
