3674 5210
631 291 770 348 murone
796 289 956 344 oucrclrcl
1415 270 1455 350 {9

126 419 144 464 a
172 391 357 470 sectandis
384 395 530 471 tandem
568 395 890 495 praedecessorum
935 393 1148 471 Nostrorum
1178 394 1360 492 vestigiis,
1393 397 1458 500 qui

127 523 266 583 ueteres
297 533 445 609 quoque
486 509 718 611 patriarchas
760 509 1138 589 excommunicatione
1184 513 1297 612 atque
1344 512 1457 588 etiam

125 629 374 727 depositiones
401 652 485 704 cum
512 652 604 728 opus
632 627 729 716 fuit,
765 631 944 704 mulctare
987 653 1061 704 non
1105 628 1327 706 omiserunt.
1377 629 1458 706 Hoc

119 743 273 819 consilio
305 745 364 822 die
391 744 464 822 XV
493 745 596 847 Sept.
630 769 688 820 an.
724 744 1035 826 MDOOOLXXV
1063 751 1258 846 sequentes
1297 744 1457 823 monito-

145 873 192 925 :as
221 863 373 940 litteras
400 864 446 939 ad
472 887 556 940 eum
584 864 764 941 dedimus

552 1038 650 1114 Vnrr.
692 1037 840 1114 anrm
877 1037 1033 1113 losnruo

338 1176 614 1253 ernnscrms
656 1176 916 1252 Bisrsomm.
956 1174 1244 1254 Osannxnonuu

580 1349 696 1430 PIUS
726 1351 803 1426 PP.
835 1347 900 1427 lx.

205 1517 303 1596 Van.
336 1515 478 1594 Frater
508 1517 683 1594 Salutem
710 1527 745 1592 et
775 1517 1031 1620 Apostolicom
1066 1515 1378 1596 Beaedr'ctr'onem

201 1715 266 1795 18.
306 1713 579 1818 «Responsum
609 1743 632 1792 a
668 1723 704 1792 te
733 1717 914 1793 redditum
946 1715 1007 1791 die
1048 1715 1229 1816 vigesima
1264 1715 1456 1793 Februarii

121 1837 231 1912 huius
260 1837 351 1912 anni
383 1833 589 1911 monitoriis
617 1834 767 1928 litteris,
796 1836 932 1912 Nostro
959 1835 1061 1910 iussu
1090 1843 1127 1912 et
1153 1835 1380 1914 auctoritate
1410 1839 1455 1912 ad

121 1975 156 2030 re
192 1955 294 2033 datis
314 1961 475 2031 anostra
501 1953 802 2056 congregatione
829 1956 873 2031 de
889 1955 1135 2056 propaganda
1163 1955 1254 2031 Fide
1278 1979 1344 2057 pro
1380 1980 1455 2034 ne-

120 2075 231 2176 gotiis
260 2076 360 2150 ritus
387 2073 592 2167 orientalia,
615 2071 730 2149 multo
761 2097 829 2150 nos
857 2073 979 2149 dolore
1023 2078 1061 2150 et
1095 2096 1262 2150 moerore
1295 2067 1451 2154 affecit:

120 2221 165 2271 ex
193 2221 237 2272 eo
267 2195 368 2272 enim
411 2192 685 2284 intelleximus,
719 2192 837 2270 adhuc
877 2216 941 2268 cor
974 2196 1080 2268 tuum
1126 2218 1148 2270 a
1194 2194 1308 2270 Nobis
1345 2194 1455 2298 longe

120 2341 236 2410 esse,
279 2313 351 2390 etsi
381 2312 500 2388 verbis
536 2311 715 2388 honorem
761 2312 877 2389 Nobis
926 2312 1122 2388 redderes:
1159 2313 1334 2444 puoniam
1380 2337 1456 2393 non

122 2444 299 2535 possete
343 2432 477 2532 exequi
520 2431 782 2532 profitebaris,
810 2454 907 2531 quae
934 2454 1000 2531 per
1049 2453 1111 2506 eas
1146 2430 1290 2508 litteras
1328 2439 1455 2511 nostro

121 2557 275 2632 nomine
308 2555 345 2630 et
376 2551 597 2628 auctoritate
632 2549 700 2625 tibi
723 2548 1040 2649 significabantur.
1073 2550 1164 2628 Oum
1205 2550 1330 2652 itaque
1375 2577 1455 2632 mo-

122 2675 330 2751 nitionibus
358 2671 554 2774 praedictis
587 2669 732 2746 obedire
756 2670 1012 2758 recusaveris,
1044 2675 1082 2746 et
1113 2669 1210 2746 hanc
1242 2671 1455 2750 inobedien-

120 2799 213 2874 tiam
245 2797 354 2872 novis
381 2796 491 2870 etiam
520 2793 708 2894 sacrilegis
735 2791 843 2869 factis
873 2792 1184 2884 confirmaveris,
1220 2796 1289 2872 hoc
1333 2821 1454 2874 unum

122 2923 349 3020 superesset,
374 2923 415 2993 ut
442 2912 709 2990 ecclesiasticas
738 2912 885 3013 regulas
913 2917 952 2988 et
978 2919 1189 2989 sanctorum
1219 2913 1375 2990 Patrum
1395 2908 1455 2991 ln-

122 3039 259 3112 stituta
286 3041 483 3124 sectantes,
515 3031 702 3109 canonicis
729 3037 767 3108 te
794 3035 970 3126 censuris,
1004 3033 1058 3110 uti
1086 3058 1153 3133 par
1180 3039 1263 3125 est,
1295 3033 1476 3123 subiice-¹

123 3181 263 3232 remus.
314 3155 454 3230 Verum
498 3151 772 3254 recogitantes;
812 3151 1032 3228 catholicam
1069 3151 1175 3227 fidem
1219 3151 1455 3255 debitamque

122 3300 214 3376 erga
242 3275 340 3352 hanc
369 3271 618 3373 llpostolicam
647 3271 774 3349 Sedem
820 3271 1064 3348 reverentiam
1112 3271 1203 3348 alias
1250 3273 1449 3372 professum

122 3394 239 3469 luisse
265 3418 310 3469 ac
337 3392 444 3467 modo
473 3393 511 3466 iu
539 3391 613 3467 tuis
640 3389 777 3466 litteris
805 3389 990 3491 profiteri,
1021 3415 1174 3490 eamque
1202 3392 1314 3466 etiam
1343 3388 1453 3467 lactis

122 3514 213 3591 olim
241 3512 516 3614 comprobasse,
551 3511 764 3587 existimare
794 3509 991 3586 maluimus
1019 3518 1055 3586 te
1102 3511 1292 3612 deceptum
1338 3509 1452 3585 fuisse

123 3635 335 3712 vaferrimis
363 3633 722 3710 neo-haereticorum
751 3629 1072 3723 cavillationibus,
1105 3631 1238 3732 quibus
1265 3629 1450 3706 conciliari

123 3779 233 3856 posse
258 3779 339 3830 eam
369 3753 615 3829 reverentiam
644 3775 726 3826 cum
764 3749 1013 3827 inobedientia
1051 3748 1309 3841 contenditur,
1342 3773 1451 3850 quam

125 3886 160 3952 le
189 3900 213 3951 a
239 3871 433 3952 catholicis
459 3873 535 3948 tuis
563 3871 730 3946 sensibus
759 3894 889 3970 reapse
916 3867 1103 3945 defecisse.

210 3993 479 4095 »Quapropter
508 3990 608 4068 lllius
636 3987 883 4081 charitatem,
915 3992 1094 4090 quantum
1132 3987 1340 4064 infirmitati
1377 3988 1452 4064 No·

124 4119 224 4189 strae
249 4112 348 4205 licet,
371 4109 509 4188 imitari
530 4107 733 4199 studentes,
755 4108 818 4208 qui
838 4106 1021 4209 patienter
1041 4106 1131 4206 agit,
1156 4105 1286 4182 nolens·
1308 4104 1452 4206 aliquos

126 4235 259 4332 perire,
290 4235 352 4310 sed
382 4255 508 4308 omues
536 4229 581 4305 ad
609 4227 874 4330 poenitentiam
905 4227 1105 4318 revertis
1131 4226 1339 4327 promeritis
1367 4250 1451 4300 cen-

125 4352 224 4426 suris
252 4354 380 4426 contra
408 4355 444 4423 tc
472 4347 634 4424 terendis
661 4343 922 4435 abstinemus,
955 4347 1071 4419 donec
1096 4343 1163 4418 tibi
1191 4341 1285 4419 haec
1314 4343 1450 4420 Nostra

127 4469 301 4545 reddatur
327 4465 496 4569 epistola,
527 4490 638 4567 quam
667 4462 932 4563 peremptoriae
961 4465 1000 4537 et
1028 4460 1255 4538 novissimae
1283 4460 1450 4536 admoni-

126 4587 243 4675 tionis
268 4587 345 4664 loco
371 4609 452 4664 esse
480 4584 663 4674 volumus.
695 4581 878 4658 Futurum
907 4581 1007 4658 enim
1048 4602 1242 4686 speramus
1287 4579 1327 4658 in
1372 4577 1449 4654 Deo
