3670 5222
376 227 436 310 tao
659 251 852 306 rosrutsvuu
876 253 959 305 claci
986 255 1155 306 curramus
1179 261 1216 306 nu
1242 253 1404 309 tunoncus

373 391 389 429 ι
421 359 565 437 illorum
583 359 713 458 viginti
731 360 870 436 dierum
888 361 1064 462 spatium,
1079 363 1140 436 sed
1156 364 1214 436 est
1227 361 1420 437 arbitrium
1441 367 1580 466 quanto
1601 365 1696 440 teuv-

375 513 390 546 »
423 506 509 582 pore
537 482 667 558 debeat
697 503 844 556 manere
871 477 1037 560 affixum.
1069 479 1196 558 Zerola
1220 507 1340 584 prum.
1361 483 1698 585 11191360ρᾷ22

374 631 390 672 »
423 601 510 674 (lud.
551 599 680 676 Pecto.
713 598 849 676 decit.
882 609 960 674 ort.
994 596 1068 682 23,
1099 625 1134 700 q.
1171 601 1244 678 10.
1276 600 1428 703 Retuff.
1461 603 1512 676 cd
1530 603 1693 681 ittam.

373 751 390 791 s
423 731 533 796 tract.
568 719 612 792 de
639 724 746 794 citat.
782 723 826 792 iu
848 721 978 817 praef.
1017 717 1119 800 102,
1153 725 1192 794 et
1228 720 1427 796 novissime
1472 721 1616 798 Cevtall.
1657 751 1693 826 q,

375 873 392 913 »
422 839 528 926 898,
557 863 667 914 uum.
700 835 760 915 36
787 837 912 914 dicens
942 837 1034 937 quod
1056 837 1225 914 lldictum
1247 841 1354 916 debet
1376 860 1525 917 manere
1545 841 1697 918 affixum

374 992 391 1032 s
423 985 488 1062 per
515 958 659 1059 aliquod
686 959 834 1059 tempus
866 967 937 1030 etc.
969 955 1020 1032 llt
1048 955 1186 1034 sufficit
1212 959 1308 1060 quod
1337 961 1501 1036 Nuntius
1531 961 1587 1036 val
1622 963 1697 1038 No-

373 1113 390 1156 »
424 1081 542 1158 tarius
570 1075 706 1153 relevat
734 1078 827 1177 quod
856 1075 1013 1152 edictum
1044 1073 1115 1152 luit
1142 1075 1294 1154 affixum
1323 1076 1363 1154 in
1381 1077 1475 1170 loen,
1508 1079 1596 1159 licet
1621 1107 1696 1160 non

374 1234 391 1276 s
421 1204 520 1278 dicat
546 1201 685 1299 quanto
713 1199 878 1298 tempore
906 1195 1023 1286 stetit,
1058 1197 1110 1273 od
1139 1195 1237 1272 Bar.
1270 1203 1314 1273 in
1334 1197 1544 1303 Estraoap.
1567 1203 1619 1276 ad
1637 1227 1697 1276 ra·

373 1355 390 1394 »
415 1317 672 1425 primmdum
698 1317 809 1392 cerdo
833 1317 1003 1417 publica·
1025 1316 1157 1394 Socrt
1175 1316 1329 1420 Rebuff.
1339 1344 1457 1421 supra
1485 1321 1642 1398 Marna.
1668 1325 1696 1396 6

374 1471 392 1515 ›
417 1465 511 1544 po..
543 1438 703 1514 membr.
734 1438 759 1514 1
791 1437 835 1512 de
864 1444 968 1514 citat.
999 1461 1110 1512 aum.
1149 1435 1223 1512 96:
1253 1442 1290 1512 et
1309 1439 1363 1514 ita
1382 1443 1621 1540 practicatur.
1649 1441 1698 1517 llt

374 1593 392 1632 »
423 1559 488 1636 illa
515 1558 627 1634 verba
655 1557 790 1634 decreti
808 1556 963 1634 Concilii
982 1555 1269 1654 Couvpostellani
1291 1581 1367 1659 per
1386 1566 1532 1661 oiptatz'
1549 1561 1633 1637 dias·
1653 1573 1696 1637 ut

373 1710 390 1750 s
423 1685 636 1755 minimum
646 1677 909 1781 proefiputur,
926 1678 1122 1778 designant
1135 1677 1336 1752 terminum
1353 1676 1491 1769 Edisti,
1509 1699 1580 1754 non
1607 1695 1696 1756 tem·

374 1830 391 1872 s
424 1825 491 1899 pus
510 1795 708 1873 affixionis:
730 1797 899 1898 quamvis
918 1796 1061 1873 Oechus
1081 1797 1121 1872 d.
1143 1821 1195 1873 m.
1219 1796 1248 1871 6
1268 1801 1370 1872 circa
1386 1799 1455 1898 fin.
1479 1798 1579 1873 dicat
1597 1802 1693 1899 quod

374 1947 392 1984 ›
426 1915 597 1992 Edictum
629 1915 737 1990 debet
759 1919 858 1988 stare
878 1913 1028 1990 affixum
1050 1938 1114 2015 per
1132 1917 1250 1990 totum
1272 1916 1419 2015 tempus
1440 1915 1539 1992 illius
1563 1939 1574 1994 .’
1589 1977 1625 1994 ..
1649 1917 1696 1992 llt

373 2065 391 2104 »
423 2033 600 2121 Quamvis
628 2033 756 2110 Zerola
783 2034 818 2110 d.
842 2033 874 2112 ’1
907 2035 997 2111 dut.
1020 2034 1119 2110 dicat
1136 2035 1231 2134 quod
1252 2031 1422 2110 Edictum
1447 2036 1564 2136 ipsum
1586 2037 1692 2138 prius

373 2184 392 2228 ›
423 2155 554 2230 debeat
582 2151 653 2253 legi
681 2152 826 2254 publice
854 2159 892 2227 et
921 2160 1045 2253 postea
1072 2151 1186 2252 affigi,
1220 2178 1269 2229 em
1300 2152 1415 2230 Bort.
1458 2165 1491 2228 et
1532 2155 1692 2236 Marcu.

373 2305 391 2346 ›
422 2298 560 2375 supro,
592 2273 754 2348 luscum
782 2273 827 2348 de
863 2272 973 2348 Vicit.
1007 2273 1074 2349 lib.
1105 2271 1152 2354 2,
1182 2299 1213 2347 c.
1245 2271 1289 2358 5,
1319 2299 1416 2348 nvem
1454 2274 1477 2350 1
1519 2273 1571 2348 ad
1603 2275 1693 2374 fin„

375 2424 393 2463 »
425 2399 551 2468 tamen
579 2390 614 2466 id
643 2391 753 2466 etiam
793 2415 867 2467 non
904 2399 959 2466 est
997 2393 1260 2481 necessarium,
1301 2416 1367 2468 nec
1405 2396 1586 2482 servatur,
1629 2397 1693 2470 scd

375 2547 392 2588 >
424 2513 560 2590 sufficit
588 2515 682 2614 quod
714 2511 902 2616 affigatur:
934 2515 972 2590 et
999 2513 1153 2591 Inachus
1182 2512 1230 2588 ibi
1260 2519 1324 2590 cit.
1356 2515 1408 2591 ait
1435 2517 1530 2614 quod
1558 2512 1594 2589 id
1613 2540 1687 2590 non

374 2665 392 2704 ›
425 2635 462 2708 in
491 2633 661 2710 omnibns
690 2640 861 2709 servatur
892 2691 900 2709 .
937 2693 945 2707 .
980 2691 988 2706 .
1025 2691 1033 2709 .

380 2763 384 2772 ’
454 2781 472 2825 ›
504 2753 668 2854 Apparet
694 2775 741 2827 ex
768 2753 866 2828 dieta
893 2751 1137 2828 declaratione
1173 2750 1353 2856 Toletaua
1390 2749 1429 2846 g.
1471 2747 1495 2823 5
1532 2775 1687 2828 examen

375 2904 392 2944 s
423 2875 467 2948 ad
497 2869 724 2973 parochiales
761 2874 935 2946 vacantes
971 2873 1102 2948 debere
1138 2869 1216 2944 fieri
1258 2893 1341 2946 cum
1375 2869 1695 2947 examinatoribus

375 3025 392 3066 >
423 2992 552 3068 saltem
581 2991 715 3082 tribus,
746 2991 841 3092 quod
876 2992 979 3090 patet
1006 3014 1051 3065 ex
1080 2989 1160 3090 ipso
1189 2987 1355 3068 Concilio
1383 3013 1415 3062 c.
1452 2987 1499 3063 ld
1530 3035 1552 3045 -
1583 2989 1635 3066 ibi
1669 3035 1691 3046 -

375 3141 393 3183 s
424 3136 501 3184 aaa
523 3109 779 3212 paucioribus
807 3133 926 3210 quum
947 3110 1182 3184 'tribuas-et
1211 3113 1316 3183 notat
1345 3109 1481 3184 Petrus
1518 3109 1696 3184 Ledesma

374 3261 392 3303 s
423 3229 518 3331 21).
552 3227 704 3306 domm.
737 3236 849 3302 tract.
884 3227 929 3308 7,
959 3255 989 3301 c.
1023 3227 1064 3303 1.
1097 3227 1124 3301 7
1155 3227 1270 3301 coucl.
1302 3230 1407 3301 circa
1442 3225 1500 3304 13
1538 3228 1624 3329 diff.
1662 3239 1695 3302 et

375 3382 392 3421 »
428 3349 549 3426 Nure.
583 3351 662 3422 Ant
712 3346 907 3425 (laamas.
939 3354 981 3423 in
1003 3372 1126 3450 praec.
1159 3375 1191 3418 c.
1222 3347 1300 3428 66,
1330 3354 1373 3420 m
1410 3349 1541 3424 adnot.
1582 3373 1691 3420 muru.

376 3501 393 3542 s
428 3469 500 3545 17:
530 3469 630 3544 circa
658 3467 752 3568 quod
781 3467 819 3544 S.
851 3465 1037 3568 Congreg.
1069 3466 1227 3543 Concilii
1255 3464 1457 3542 declaravit
1484 3467 1581 3566 quod
1621 3491 1694 3542 non

375 3621 392 3662 >
425 3587 559 3664 statuit
587 3587 749 3687 praecise
780 3591 820 3660 ut
848 3587 1120 3662 examinatores
1149 3588 1224 3662 sint
1253 3591 1342 3675 tres,
1385 3587 1447 3660 sed
1483 3587 1576 3685 quod
1621 3609 1693 3661 non

375 3703 567 3810 »possint
596 3708 722 3782 adesse
751 3706 942 3806 pauciores
971 3707 1102 3794 tribus,
1136 3706 1201 3794 ita,
1234 3705 1331 3804 quod
1350 3703 1382 3777 si
1401 3705 1478 3778 tres
1498 3713 1585 3778 sunt
1603 3707 1694 3780 tan-

375 3859 392 3899 »
424 3838 502 3904 tum
532 3827 816 3914 examinatores,
851 3829 940 3900 vota
970 3848 1044 3900 non
1075 3825 1219 3924 possint
1246 3847 1326 3898 esse
1365 3821 1484 3925 paria,
1527 3825 1588 3898 sed
1618 3825 1696 3898 sin-

377 3983 393 4020 »
427 3947 585 4051 gularia.
602 3947 745 4048 quando
773 3943 909 4046 singuli
925 3943 1088 4044 singulos
1104 3945 1321 4044 approbant.
1335 3941 1546 4018 Declaravit
1560 3943 1690 4032 etiam,

377 4099 394 4142 >
429 4069 523 4169 quod
553 4067 782 4142 statist'actum
813 4063 887 4140 tuit
930 4063 1014 4138 huic
1055 4067 1200 4138 decreto
1229 4065 1257 4138 si
1288 4063 1421 4138 tertius
1464 4061 1695 4140 examinator

378 4186 697 4262 »examinaverit
724 4189 763 4260 et
793 4182 840 4258 sit
882 4206 1057 4284 praesens
1100 4181 1136 4256 in
1171 4180 1460 4282 approbatione,
1496 4179 1583 4255 licet
1621 4205 1693 4259 vo-

378 4338 394 4376 »
427 4314 502 4382 tum
533 4331 640 4381 suum
671 4327 744 4379 non
781 4301 981 4403 explicavit
1013 4361 1020 4376 .
1058 4359 1066 4376 .
1101 4357 1109 4374 .
1146 4303 1309 4400 Apparet
1341 4323 1386 4374 ex
1429 4300 1528 4376 dicta
1572 4300 1695 4378 decla·

377 4458 394 4499 )
427 4427 567 4502 ratione
597 4423 775 4502 'toletana
804 4423 841 4518 ξ.
875 4420 913 4514 5,
945 4421 1039 4522 quod
1070 4419 1099 4494 si
1132 4427 1217 4494 vota
1246 4420 1539 4494 exaiuinatorum
1571 4421 1689 4520 paria,

379 4579 397 4626 >
429 4555 491 4628 aut
525 4546 729 4660 singularia
774 4545 925 4639 luerint,
951 4543 1122 4622 accedere
1150 4545 1271 4648 potest
1299 4541 1502 4652 Episcopus
1530 4566 1595 4618 seu
1626 4542 1694 4621 Vi·
