3674 5210
657 227 800 282 corstona
824 230 985 282 nncrrrrcr
1449 209 1490 282 15

167 335 245 410 tum
274 339 331 410 est
358 329 679 432 Constantinopoli
701 357 723 408 a
742 330 932 408 nonnullis
960 330 1148 422 Armenis3
1179 331 1242 435 qui
1271 331 1339 408 etsi
1368 333 1488 412 catho-

167 453 256 531 licos
283 477 323 530 se
350 476 565 554 nuncupare
605 456 849 553 praesumat,
882 457 924 527 nt
961 451 1120 527 incautis
1147 456 1186 526 et
1214 451 1396 553 imperitis
1433 453 1491 528 f·
1560 521 1564 528 .

165 599 247 650 cum
277 572 429 663 faciant,
454 571 653 647 averitate
680 576 805 646 tamen
834 574 872 646 et
899 569 1044 646 unitate
1071 569 1255 647 catholica
1283 571 1490 648 miserrime

165 690 392 786 deiecerunt,
416 691 626 791 Nostraque
647 687 783 766 iudicio
810 694 848 766 et
875 689 1098 767 auctoritate
1126 685 1360 768 condemnati
1389 697 1487 768 sunt.

163 813 214 889 Hi
243 811 391 912 quidem
420 833 485 911 pro
513 815 660 911 recepto
688 809 957 886 haereticorum
988 833 1089 886 more
1118 809 1211 887 nihil
1239 835 1312 888 non
1333 812 1491 888 moliun-

165 939 239 1024 tur,
273 930 366 1006 nihil
394 955 467 1008 non
496 933 647 1020 audent,
680 939 722 1008 ut
750 932 933 1008 abducant
960 930 1160 1032 discipulos
1187 938 1272 1032 post
1300 957 1350 1022 se,
1383 956 1491 1008 suae-

165 1077 235 1152 que
264 1049 533 1153 perditissimae
562 1074 694 1126 causae
722 1051 963 1150 undequaque
982 1051 1230 1151 patrocinium
1251 1052 1486 1154 conquirant:

165 1175 204 1248 et
232 1193 278 1246 eo
306 1167 459 1246 consilio
487 1170 600 1246 etiam
628 1167 796 1245 fidelibus
815 1168 991 1246 chaldaici
1020 1169 1117 1246 ritus
1144 1171 1309 1248 insidiati
1338 1175 1492 1248 suntet

163 1287 334 1366 insidiari
363 1312 438 1364 non
466 1287 780 1388 praetermittunt.
812 1286 908 1364 Hinc
936 1311 1009 1364 non
1046 1288 1284 1382 dubitemne,
1316 1291 1407 1391 quin
1434 1291 1490 1366 Tu

164 1410 263 1485 Ven.
295 1407 454 1498 Frater,
488 1409 532 1484 ad
569 1406 693 1484 fideles
734 1405 800 1482 tibi
842 1406 1000 1484 creditos
1028 1407 1068 1484 in
1096 1408 1254 1484 veritate
1282 1414 1321 1484 et
1347 1409 1491 1486 unitate

164 1527 348 1608 catholica
375 1526 628 1619 continendos,
652 1526 775 1628 prouti
794 1526 956 1628 dignitas
974 1532 1013 1602 et
1031 1527 1190 1605 officium
1219 1533 1322 1605 tuum
1342 1529 1491 1605 omnino

165 1645 380 1752 postulant,
414 1669 550 1722 novum
578 1645 797 1722 Armenium
837 1645 997 1720 schisma
1023 1669 1046 1720 a
1075 1646 1189 1722 Nobis
1217 1646 1290 1722 iam
1319 1648 1493 1749 reproba·

164 1771 246 1844 tum
265 1766 378 1844 luisse
398 1769 525 1866 aperte
542 1766 757 1852 denuncias
779 1768 890 1865 atque
911 1763 993 1841 illos
1011 1765 1156 1856 doceas,
1181 1765 1321 1843 nullam
1341 1767 1492 1843 omnino

165 1885 220 1962 eis
246 1884 358 1961 licere
385 1883 756 1962 communicationem
787 1907 870 1960 cum
890 1883 1019 1958 iisdem
1042 1883 1367 1961 Necsohismaticis
1387 1910 1491 1986 prae-

166 2005 293 2080 sertim
321 2005 361 2082 in
387 2003 536 2081 divinis.
568 2004 669 2105 ipsos
696 2003 831 2105 quippe
859 2004 905 2080 ab
923 2003 1091 2082 Ecclesia
1118 2004 1311 2082 Catholica
1338 2029 1491 2107 prorsus

166 2123 337 2202 exclusos
365 2135 478 2226 atque
504 2124 641 2200 eiectos
668 2147 762 2216 esse,
784 2123 846 2199 vel
864 2126 968 2224 ipsae
989 2123 1136 2200 litterae
1163 2149 1259 2225 quae
1278 2148 1300 2200 a
1319 2125 1492 2201 Romano

166 2241 365 2333 Pontifice,
397 2241 468 2317 hoc
494 2246 551 2318 est
579 2267 601 2318 a
630 2240 751 2342 prima
778 2247 816 2318 et
841 2241 1056 2344 Apostolica
1092 2242 1185 2320 Sede
1212 2247 1489 2335 manaverunt,
1567 2245 1569 2254 '

167 2363 258 2439 satis
287 2385 470 2464 superque
496 2364 685 2438 testantur
714 2359 788 2464 (l).

252 2510 270 2554 ›
301 2483 382 2560 Hac
400 2483 524 2560 autern
544 2481 737 2558 occasione
754 2486 880 2560 tacere
898 2504 973 2558 non
993 2505 1199 2584 possumus
1225 2485 1259 2558 V
1261 2506 1322 2558 en.
1341 2481 1488 2572 Frater,

165 2605 211 2681 de
241 2602 542 2703 Diarbelririensi¹
557 2603 611 2678 tui
642 2603 915 2704 patriarchatus
943 2603 1123 2697 Ecclesia,
1143 2629 1252 2705 quam
1283 2626 1357 2679 non
1386 2603 1494 2703 igno-

167 2749 228 2802 ras
257 2723 383 2801 multis
410 2724 544 2800 abhinc
572 2724 680 2800 annis
707 2724 1006 2800 contentionibus
1035 2727 1073 2800 et
1092 2721 1404 2800 aemulationibus
1435 2745 1491 2796 ve·

165 2845 249 2920 xari
279 2869 323 2920 ac
350 2843 480 2936 dividi;
510 2847 549 2918 et
575 2847 771 2944 propterea
799 2842 915 2920 multa
944 2867 1088 2944 passum
1118 2842 1249 2934 fuisse,
1275 2842 1338 2942 qui
1366 2842 1492 2917 novis-

166 2966 260 3042 sime
286 2962 339 3040 illi
367 2962 541 3066 praefuit,
574 2961 797 3065 Episcopum
826 2965 978 3040 Petrum
1007 2963 1219 3042 Di-Natele.
1252 2962 1335 3052 Quo
1362 2963 1492 3040 defun·

166 3090 229 3160 cto
256 3107 340 3160 cunr
379 3083 431 3162 Te
459 3085 689 3185 proponente
726 3083 842 3158 eidem
872 3083 912 3158 in
941 3079 1164 3184 Episcopum
1206 3081 1493 3183 praefecerimus

167 3205 269 3280 Ven.
301 3204 363 3279 Er.
395 3205 549 3280 Petrum
578 3202 813 3278 Timotheum
842 3201 969 3294 Attar,
1002 3202 1258 3280 contentiones
1286 3201 1493 3303 praedictas

166 3346 242 3400 non
269 3321 494 3400 deferbuisse
521 3321 774 3399 dolentissime
803 3323 1024 3424 accepimus;
1057 3323 1170 3398 immo
1200 3320 1490 3398 Neoschismati·

166 3467 211 3519 co
245 3443 379 3543 spiritu
414 3439 565 3518 afflante
594 3465 637 3516 eo
666 3439 887 3542 processisse
915 3447 981 3533 ut,
1015 3440 1112 3542 quod
1142 3441 1233 3518 adeo
1261 3440 1495 3543 improbabat

165 3560 367 3661 Apostolus
394 3561 433 3638 in
460 3559 680 3653 Corinthiis,
713 3559 807 3636 alius
836 3584 875 3636 se
902 3561 1002 3636 dicat
1028 3585 1107 3637 esse
1135 3559 1258 3653 Pauli,
1283 3560 1375 3638 alius
1405 3586 1493 3638 vero

165 3679 336 3782 Oephae:
369 3684 480 3782 atque
507 3681 586 3781 ipse
617 3681 712 3756 Ven.
746 3681 807 3756 Fr.
840 3680 1056 3757 Timotheus
1084 3686 1122 3760 et
1150 3680 1262 3757 semel
1290 3687 1328 3758 et
1356 3683 1491 3759 iterum

165 3826 190 3878 a
217 3800 333 3876 Nobis
360 3799 469 3875 enixe
496 3798 753 3902 flagitarent,
786 3806 828 3876 ut
856 3801 974 3902 ipsum
1003 3805 1111 3876 tanta
1144 3799 1322 3877 iactatum
1350 3805 1497 3905 tempe-

166 3924 284 4014 state,
326 3920 372 3996 ab
398 3916 519 3996 officio
547 3919 642 4019 quod
670 3918 703 3994 ei
731 3918 979 3996 commisimus
1006 3943 1151 3996 cessare
1180 3920 1491 4020 permitteremus.

164 4037 385 4117 Huiusmodi
413 4035 613 4114 schismata
640 4044 678 4111 et
705 4035 880 4114 scandala
898 4060 918 4112 e
938 4037 1055 4114 medio
1082 4037 1214 4114 tollere
1242 4041 1492 4116 necessarium

163 4158 318 4238 omnino
344 4167 414 4234 est.
446 4154 679 4259 Quapropter
720 4159 772 4235 Te
814 4157 1011 4234 hortamur
1038 4161 1075 4233 et
1103 4158 1141 4232 in
1172 4161 1329 4235 Domino
1358 4161 1495 4238 Nostro

237 4469 273 4538 ,1,
293 4471 322 4525 S.
346 4471 523 4540 Nicephorius
543 4469 607 4526 adr.
633 4470 830 4524 iconomachos
850 4487 911 4536 cap.
935 4469 967 4523 13
987 4487 1032 4538 ap.
1050 4469 1192 4524 honoram
1212 4470 1242 4524 in
1267 4487 1329 4526 can.
1352 4473 1387 4528 28
1412 4471 1493 4528 conc

164 4561 303 4620 Chulcul.
