3622 5240
381 246 423 316 72
964 270 1120 318 nacasrnu

380 388 475 464 quae
504 360 632 463 incipit.
662 363 734 439 Ilei
760 361 904 452 atrias,
936 369 975 442 et
1003 365 1118 442 altera
1146 369 1190 442 de
1218 363 1382 442 Ecclesia
1411 363 1565 457 Christi,
1605 389 1699 466 qnae

380 481 508 583 incipit
536 483 681 559 Pastor
708 484 914 575 aeternas,
947 509 1020 562 non
1049 486 1164 562 solnm
1193 490 1457 588 opportunum,
1494 485 1555 562 sed
1589 485 1701 562 etiam

381 602 630 679 necessarium
658 609 726 696 est,
760 608 801 680 ut
837 603 876 679 in
913 606 995 680 fidei
1037 605 1259 707 professione
1296 604 1514 707 dogmaticis
1552 629 1705 706 quoque

380 721 656 821 praememorati
678 723 849 802 Vaticani
875 723 1030 804 Ocncilii
1060 725 1348 816 definitionibus,
1374 728 1483 826 prout
1501 727 1619 817 corde,
1645 725 1704 800 ita

379 847 416 916 et
448 866 511 918 ore
544 841 690 942 publica
730 842 977 945 solemnisque
1010 843 1089 920 fleri
1121 846 1269 922 deberet
1305 845 1494 922 adhaesio.
1532 843 1704 946 Quapro-

378 966 462 1065 pter
489 962 625 1041 SSrirus
653 963 758 1040 Dom.
792 965 923 1041 Noster
946 967 1035 1042 Pius
1056 967 1162 1068 Papa
1180 965 1247 1060 lX,
1270 965 1455 1066 exquisito
1479 991 1524 1040 ea
1547 967 1704 1065 desuper

379 1107 418 1158 re
454 1087 539 1160 voto
580 1081 747 1184 specialis
774 1084 1081 1186 Congregationis
1108 1087 1281 1162 limorum
1312 1085 1350 1163 S.
1382 1086 1434 1163 R.
1466 1083 1512 1161 Ε.
1543 1087 1702 1163 Petrum

377 1201 643 1287 Cardinalium,
673 1203 815 1296 statuit,
848 1206 1046 1305 praecepit,
1079 1229 1123 1280 ac
1152 1205 1354 1293 mandavit,
1393 1229 1458 1281 cen
1492 1229 1559 1307 per
1593 1231 1704 1307 prae-

378 1347 462 1400 sens
489 1326 675 1400 decretum
703 1323 884 1426 praecipit
911 1349 954 1402 ac
985 1326 1146 1415 mandat,
1181 1329 1223 1400 ut
1259 1325 1296 1400 in
1334 1323 1544 1426 praecitata
1581 1324 1703 1401 Piana

377 1442 535 1520 formula
560 1440 796 1546 professionis
826 1443 920 1535 fidei,
955 1447 1037 1545 post
1063 1445 1177 1521 verba
1214 1472 1234 1518 ι
1268 1450 1483 1547 praecipue
1514 1471 1538 1520 a
1570 1469 1705 1520 sacro-

377 1579 511 1646 sancta
555 1569 783 1645 Ilideatiaa
822 1569 977 1669 &amodo
1008 1597 1026 1640 »
1056 1569 1201 1646 dicatur
1243 1595 1263 1641 ι
1305 1577 1340 1643 ct
1381 1567 1427 1642 ab
1465 1572 1703 1643 oecumenico

383 1684 556 1766 Gracilio
592 1685 774 1765 Vaticano
802 1689 967 1774 tradita,
995 1689 1154 1786 definita
1173 1713 1217 1762 ac
1237 1687 1449 1772 declarata,
1464 1691 1706 1789 praesertim

379 1809 426 1895 de
453 1807 627 1886 Romani
653 1807 858 1908 Poratistcis
894 1807 1080 1883 Primata
1109 1818 1143 1882 at
1172 1805 1383 1907 infallibili
1402 1811 1648 1910 mapisterio,
1683 1833 1701 1876 »

378 1929 492 2028 utque
518 1928 559 2005 in
587 1931 772 2028 posterum
804 1926 886 2004 fidei
915 1924 1092 2028 professio
1120 1927 1166 2002 ab
1194 1927 1380 2018 omuibus,
1404 1925 1468 2028 qui
1488 1949 1569 2002 eam
1590 1925 1704 2001 emit·

378 2051 457 2126 tere
484 2051 679 2134 tenentur,
710 2044 762 2122 sic
788 2051 828 2123 et
854 2071 927 2122 non
965 2045 1075 2124 aliter
1103 2045 1312 2141 emittatur,
1345 2046 1413 2122 sub
1441 2042 1706 2124 comminatio-

379 2167 487 2242 nibus
515 2191 558 2242 ac
585 2164 713 2270 poenis
741 2191 764 2241 a
791 2166 957 2244 Concilio
986 2165 1203 2243 Tridentino
1231 2172 1268 2242 et
1307 2193 1329 2241 a
1357 2164 1574 2267 supradictis
1602 2167 1705 2245 Con·

380 2285 638 2364 stitutionibus
665 2285 703 2364 S.
722 2287 776 2362 M.
802 2285 861 2363 Pii
890 2286 941 2362 lV
970 2287 1135 2362 statutis.
1169 2286 1207 2362 ld
1235 2287 1354 2388 igitur
1390 2285 1543 2386 ubique,
1586 2291 1625 2364 et
1658 2289 1705 2364 ab

378 2405 563 2499 omnibus,
595 2406 640 2482 ad
667 2430 759 2504 quos
788 2409 940 2506 spectat,
973 2403 1171 2506 diligenter
1203 2430 1246 2482 ac
1281 2403 1435 2483 fideliter
1469 2406 1701 2505 observetur,

378 2548 454 2601 non
483 2525 714 2601 obstantibus
742 2529 814 2601 etc.

459 2647 597 2722 Datum
636 2645 777 2724 chrae
812 2668 834 2721 e
871 2644 1081 2725 Secretaria
1116 2645 1156 2723 S.
1195 2643 1511 2748 Congregationis
1547 2645 1711 2728 Concilii

380 2766 439 2844 die
466 2763 520 2842 20
547 2764 693 2842 Ianuari
727 2759 842 2841 1877.

843 2989 891 3069 Ρ.
923 2993 1050 3072 Oeen.
1080 2991 1328 3072 GATERlNl
1356 2995 1621 3074 Paanrncrns.

821 3213 850 3292 l.
874 3215 1183 3319 Archiepiscopus
1206 3217 1425 3318 Ancyranus
1445 3219 1707 3295 Secretarius.

574 3604 779 3706 Professio
806 3605 1012 3682 ortodoacac
1039 3607 1153 3683 Fidei
1180 3609 1294 3682 iacta
1317 3611 1492 3708 soricum

554 3749 580 3800 a
606 3725 784 3803 Sacratis·
813 3725 1069 3827 Pontificibus
1098 3729 1172 3803 Pt'o
1200 3728 1227 3805 I
1232 3728 1265 3806 V
1287 3737 1321 3802 el
1349 3725 1426 3802 Pro
1455 3725 1520 3803 IX

882 3845 1193 3952 Praescriptam.

461 4081 541 4185 lngo
571 4085 618 4160 N.
650 4083 757 4160 firma
784 4083 854 4160 fide
883 4084 989 4160 credo
1018 4091 1054 4160 et
1084 4085 1257 4186 profiteor
1293 4084 1417 4160 omnia
1458 4087 1496 4160 et
1537 4083 1703 4188 singula,
1801 4127 1802 4149 .

380 4229 474 4305 quae
501 4203 741 4281 continentur
767 4203 806 4282 in
835 4205 1007 4304 Symbola
1035 4205 1134 4292 fidei,
1167 4229 1240 4304 quo
1282 4207 1412 4280 sancta
1452 4207 1489 4278 et
1531 4201 1710 4284 Romana

380 4321 546 4399 Ecclesia
574 4323 706 4416 utitur,
740 4323 923 4400 videlicet:
955 4327 1062 4400 credo
1083 4325 1120 4399 in
1142 4349 1254 4400 unum
1277 4325 1394 4398 Deum
1415 4321 1566 4398 Patrem
1588 4328 1710 4401 omni-

380 4447 582 4546 potentem,
614 4443 789 4520 factorem
815 4442 905 4520 caeli
926 4447 1117 4530 atienae,
1142 4441 1345 4518 visibilium
1365 4442 1527 4519 oninium
1548 4447 1585 4518 et
1608 4443 1709 4520 inri-

379 4561 553 4642 sibilium.
577 4559 625 4638 Et
644 4565 682 4639 in
703 4586 813 4638 unum
835 4563 1030 4644 Dominum
1048 4565 1165 4640 lesum
1183 4561 1372 4642 Christum
1390 4561 1507 4638 filium
1522 4561 1592 4638 Dei
1608 4563 1710 4648 Uni·
