3674 5210
336 203 378 277 lid
771 223 809 277 ex
833 226 916 280 acris
939 223 1219 283 cousrsrommmus

338 349 493 398 romanam
518 328 635 396 curiam
661 330 814 400 delunrtiz
834 329 955 400 Sanctis
1091 329 1658 428 CalbedralisEcclesiasatisamplaac

335 443 432 504 simus
462 441 568 504 evexit
608 440 645 506 ad
687 439 875 505 recensitam
915 447 972 507 Ec·
1024 435 1176 504 decenter
1193 449 1310 518 ornata,
1328 445 1554 532 assumptionis
1567 455 1659 519 Babae

337 546 462 611 clesiam
494 549 530 612 R.
558 551 590 611 P.
617 551 651 612 D.
680 551 805 615 Petrum
832 554 908 616 Paeo
931 571 969 617 ex
1026 544 1163 630 Virginis
1183 547 1575 638 Mariaetitulogloriatur,
1592 561 1661 624 nul·

339 653 509 742 legitimis,
550 655 732 734 catholicis,
770 658 972 744 honestisque

339 761 519 845 parentibus
556 764 587 828 in
624 765 693 828 loco
727 764 847 830 Roboto
882 785 970 831 nran-

338 877 451 953 cupato
476 868 685 934 Gaudisiensis
702 870 882 940 dioeceseos
899 890 974 956 pro-

340 975 481 1062 genitum
522 987 554 1040 et
579 977 610 1043 in
639 977 879 1066 quadragesimo
902 1001 972 1048 sex·

341 1090 371 1143 to
405 1080 512 1147 aetatis
547 1101 621 1147 suae
644 1102 727 1149 anno
753 1087 968 1154 constitutum.

341 1190 458 1252 Romae
481 1189 717 1272 Presbyteratus
753 1193 897 1259 ordinem
929 1216 976 1260 as-

339 1304 505 1379 sequutus,
525 1294 633 1380 ibique
650 1308 714 1362 tum
733 1299 765 1366 iu
780 1321 861 1366 sacra
887 1303 977 1367 tbco-

341 1403 434 1486 logia,
456 1414 518 1466 tum
545 1402 576 1468 in
601 1413 736 1491 utroque
761 1410 829 1472 iure
854 1409 974 1474 dudum

342 1512 492 1577 doctorali
520 1511 621 1576 laurea
646 1511 790 1588 donatus,
819 1516 849 1581 in
875 1521 976 1582 eci-le-

341 1617 470 1682 siasticis
495 1616 708 1684 lunationibus
744 1622 899 1688 obeundis
923 1644 977 1690 na-

342 1723 425 1784 viter
441 1719 582 1783 emicuit.
601 1722 660 1785 Pro
680 1721 871 1789 Garrdisiensi
890 1726 975 1791 dioe-

343 1825 403 1889 cesi
421 1827 530 1892 Virarii
548 1828 579 1893 in
595 1827 809 1914 spiritualibus
819 1833 977 1898 Generalis

344 1951 478 1998 mamere
502 1935 574 2000 olim
600 1935 796 2020 perfunctus.
824 1938 975 2005 Melitensi

345 2039 375 2101 in
399 2040 566 2103 seminario
584 2039 758 2130 theologiae
783 2044 977 2132 dogmaticae

345 2163 378 2206 ac
396 2143 578 2210 biblicarum
598 2147 842 2228 institutionum,
863 2151 979 2238 iliaque

346 2257 376 2317 in
403 2252 605 2319 universitate
628 2255 778 2324 hactenns
803 2259 978 2348 theologiae

348 2360 470 2423 moralis
509 2359 667 2426 Prolessor
703 2357 870 2444 adlectus,
898 2369 980 2434 iuter

345 2468 596 2534 ShNCTll'leS
620 2472 722 2535 SUAE
746 2474 897 2537 Praelatus
921 2479 981 2538 llo-

348 2573 980 2664 mesticosacSiguaturaeRelereudarios

345 2679 481 2744 adscitus
509 2691 567 2746 cst.
595 2683 788 2750 cathedralis
813 2686 981 2752 Melitensis

347 2787 533 2866 eanonicus,
553 2789 686 2876 eiusque
702 2791 884 2860 dioeceseos
903 2799 983 2860 Exa-

347 2893 484 2957 minator
516 2896 750 2980 pro-synodalis
773 2898 811 2964 ad
835 2917 982 2984 praesens

349 3017 447 3082 nsque
473 3003 672 3068 renunciatus
696 3017 754 3070 est.

412 3109 524 3173 Gaulos
540 3111 588 3174 rel
607 3111 799 3189 Gaudisium,
814 3115 910 3202 volgo
926 3115 985 3179 Go-

346 3235 393 3289 ra,
412 3218 520 3283 civitas
533 3227 565 3282 et
578 3229 671 3301 caput
689 3217 807 3284 insulae
816 3221 985 3286 marisme-

332 3322 513 3388 ,diterranei
530 3323 565 3387 nd
582 3343 723 3388 occasum
738 3325 986 3410 Melitaeetpro-

347 3447 386 3511 pe
398 3429 506 3512 ipsam,
522 3448 629 3495 versus
639 3433 890 3517 promontorium
906 3436 986 3497 ller-

346 3537 438 3613 curii,
457 3538 582 3624 triginta
594 3557 650 3602 sex
663 3537 788 3604 circiter
803 3540 983 3605 milliarium

346 3655 394 3707 est
409 3643 556 3720 ambitus,
577 3643 628 3708 ubi
646 3664 701 3708 arx
715 3645 745 3710 in
759 3654 867 3710 monte
881 3644 980 3724 edito,

346 3749 394 3813 cui
409 3769 576 3816 amoenum
590 3748 711 3816 adiacet
732 3751 930 3830 suburbium,
950 3765 981 3818 et

346 3857 434 3940 plura
448 3857 670 3942 complectitur
683 3856 853 3924 incolarum
869 3860 978 3924 millia.

1026 651 1662 749 ¹iusegetr·eparationis,atqueApostoli·

1026 774 1080 820 cae
1096 760 1225 824 Sanctae
1239 761 1312 827 Sedi
1330 776 1377 829 est
1395 767 1573 836 immediate
1588 773 1663 838 sub·

1026 857 1141 924 biecta.

1095 967 1168 1032 Eius
1203 969 1382 1054 Capitulum
1423 986 1484 1043 tres
1519 997 1662 1050 recenset

1028 1071 1208 1160 dignitates,
1223 1095 1354 1159 quarum
1366 1092 1438 1166 post
1452 1086 1662 1169 pontilicalem

1028 1178 1127 1263 prima
1171 1182 1526 1271 hrchipresbyteratus,
1565 1215 1662 1262 uncam

1028 1305 1121 1372 supra
1145 1288 1254 1375 viginti
1282 1311 1351 1356 cum
1370 1293 1518 1385 theologo
1534 1321 1567 1365 ac
1584 1321 1663 1385 poe-

1029 1387 1214 1458 nitentiario
1250 1398 1445 1478 canonicos,
1472 1404 1582 1471 decem
1608 1412 1666 1474 Ca-

1029 1499 1169 1580 pellauos
1193 1499 1344 1581 chorales,
1363 1508 1412 1569 vel
1433 1511 1664 1590 Marusiouarios,

1030 1619 1063 1668 ac
1087 1605 1194 1688 plures
1217 1607 1293 1672 alios
1316 1612 1516 1696 Presbyteros
1541 1627 1571 1681 et
1596 1619 1666 1684 Cle·

1031 1712 1111 1776 riuos
1135 1711 1251 1780 divinis
1277 1715 1495 1786 inservientes.

1098 1821 1195 1885 Penes
1210 1823 1385 1907 Capitulum
1401 1840 1487 1892 extat
1503 1831 1667 1902 habitualis

1031 1931 1205 1992 animarum
1229 1948 1315 2006 cura,
1330 1950 1423 2016 quam
1449 1935 1532 2001 idem
1559 1943 1669 2006 Archi-

1031 2032 1198 2115 presbyter
1236 2033 1367 2121 ipsamet
1405 2038 1600 2110 administrat
1636 2048 1668 2111 iu

1033 2136 1220 2202 Gathedrali.

1100 2245 1202 2308 Altera
1227 2259 1389 2333 praeterea
1415 2256 1575 2338 reperitur
1590 2261 1672 2324 Gau-

1034 2352 1102 2417 disii
1128 2355 1309 2438 paraecialis
1327 2360 1475 2438 Ecclesia,
1495 2383 1528 2427 ac
1543 2373 1669 2450 septem

1034 2461 1171 2523 minores
1194 2460 1365 2545 baptismali
1393 2465 1478 2531 lente
1493 2471 1668 2548 munitae,

1036 2565 1149 2651 triplex
1174 2567 1315 2632 virorum
1341 2573 1585 2652 monasterium,
1610 2595 1671 2661 pro

1034 2671 1148 2757 puellis
1176 2677 1467 2752 conservatorium,
1493 2699 1672 2766 pauperum

1035 2778 1228 2864 hospitium,
1254 2799 1314 2865 pro
1345 2793 1481 2869 utroque
1513 2805 1589 2852 sexu
1614 2788 1674 2856 bo-

1035 2885 1158 2972 spitale‚
1178 2887 1296 2971 aliquot
1315 2889 1462 2954 laicorum
1477 2891 1670 2970 sodalitates,

1035 2993 1173 3076 lyceum,
1199 3011 1289 3058 mons
1312 2995 1436 3078 pietatis
1459 3008 1554 3081 atque
1576 3002 1673 3064 semi·

1036 3098 1172 3163 uarium.

1103 3207 1288 3274 llioeceseos
1304 3207 1439 3272 ambitus
1454 3219 1518 3273 tres
1532 3211 1675 3278 continet

1038 3314 1164 3390 insulas,
1190 3331 1270 3398 quae
1294 3315 1412 3401 vulgari
1439 3319 1674 3402 nuumrpatione

1041 3421 1672 3500 Geso,GomiocetComtoottodicuutur,

1036 3536 1160 3610 septem
1185 3527 1406 3613 complectitur
1425 3544 1521 3613 pagos
1546 3527 1595 3592 rel
1620 3546 1676 3610 pa-

1038 3633 1169 3710 rochias,
1187 3643 1251 3698 tres
1275 3651 1346 3697 cum
1372 3632 1503 3697 totidem
1531 3634 1675 3697 Ecclesis

1036 3733 1180 3799 filialibus
1197 3724 1369 3812 districtus,
1388 3755 1421 3799 ac
1441 3737 1518 3799 ultra
1535 3750 1678 3819 septem-

1036 3840 1139 3905 decim
1165 3840 1403 3906 inhabitantium
1428 3843 1536 3906 millia.

415 4065 457 4136 (1)
476 4069 610 4133 Sequenti
630 4067 765 4120 fasciculo
785 4069 827 4122 111
847 4069 976 4124 dabimus
996 4072 1124 4137 reliquas
1147 4071 1345 4136 Episcoporum
1364 4070 1582 4136 nominationem
1606 4088 1679 4138 qliae

347 4151 391 4203 dia
411 4153 559 4220 praedicta
580 4153 665 4205 locum
685 4153 855 4206 habuerunt.
