3670 5222
568 245 605 290 Ex
631 245 715 291 tcrts
739 243 1017 294 consustotrtttttttts

219 339 415 409 cathedralis
439 339 618 418 Ecclesiae,
649 339 787 429 magnifi-

152 469 220 526 cae,
248 449 457 536 gothicaeque
480 459 669 524 structurae,
700 452 793 513 Bmao

153 556 293 644 Virginis
318 557 430 622 Mariae
454 555 487 621 in
510 556 637 621 coelum
668 559 795 622 Assum-

152 673 225 746 ptae
250 663 344 728 titulo
375 663 551 750 gloriatur,
581 670 677 747 atque
709 662 793 726 iusta

155 773 273 835 Literas
298 771 490 855 lposrotieas
514 771 591 834 «Aa
606 771 794 835 vicariam»

154 877 240 942 datas
270 875 363 943 nonis
391 874 581 960 septembris
613 879 694 941 lilia
721 878 795 942 Gra·

154 983 275 1049 natensi
302 982 548 1069 archiepiscopo
571 981 770 1069 suffragatur.

221 1089 297 1154 Eius
330 1087 508 1173 Capitulum
542 1107 580 1153 es
617 1087 796 1173 praecitatis

155 1196 269 1263 Literis
296 1194 483 1281 apostolicis
507 1196 651 1280 quinque
675 1203 797 1260 constat

155 1302 386 1392 dignitatibus,
411 1319 545 1387 quarum
569 1312 640 1384 post
671 1299 797 1386 pontili-

154 1412 253 1476 cnlem
271 1409 374 1496 prima
390 1411 577 1484 Decanatus,
596 1419 733 1492 quatuor
749 1406 797 1474 in·

153 1533 251 1602 super
283 1533 356 1578 cum
387 1512 536 1601 theologo
560 1533 595 1578 ac
625 1513 797 1598 poeniten-

154 1623 246 1688 tiario
272 1621 438 1688 canonicis
462 1621 497 1684 de
531 1621 644 1706 oficio,
678 1639 794 1687 norem

154 1729 189 1794 dc
211 1731 338 1812 gracia,
365 1738 397 1792 et
420 1727 663 1812 quatuordecim
695 1732 797 1794 Bene-

153 1835 265 1900 liciatis
288 1834 335 1899 rei
360 1833 486 1900 divinae
518 1851 648 1919 operam
680 1853 797 1902 narao-

153 1939 252 2007 tibus.

221 2050 283 2113 Per
311 2044 485 2112 Parochum
519 2045 650 2112 sacrarii
678 2047 798 2112 anima·

156 2173 228 2220 rum
267 2171 342 2218 cura
381 2150 516 2236 ipsamet
554 2163 726 2218 exercetur
764 2156 795 2219 in

157 2257 350 2326 Gathedrali.

222 2367 361 2443 Quatnor
381 2366 459 2430 aliae
477 2378 683 2433 recensentur
703 2368 796 2434 Gien-

157 2474 245 2539 nensi
273 2472 306 2538 in
328 2471 408 2537 urhe
424 2473 620 2557 paroeciales
636 2473 795 2540 Ecclesiae

158 2589 190 2644 et
212 2578 383 2645 nonnullae
407 2577 516 2644 filiales
532 2578 708 2664 baptismali
727 2579 796 2647 lon-

159 2697 190 2751 te
212 2683 367 2762 munitae,
383 2696 508 2770 septem
531 2685 703 2752 mulierum
727 2707 799 2753 mo-

160 2790 303 2868 nasteria,
322 2790 479 2877 quaedam
503 2790 657 2858 laicorum
679 2793 797 2860 sodali-

161 2911 250 2977 tates,
267 2895 388 2984 aliqoot
410 2896 588 2982 hospitalia,
614 2917 704 2965 mons
727 2901 796 2987 pie-

160 3005 228 3071 tatis
252 3015 347 3091 atque
369 3003 589 3073 seminarium.

224 3115 409 3180 Dioeceseos
437 3113 571 3178 ambitus
599 3113 637 3179 ad
667 3117 793 3204 triginta

158 3221 286 3286 circiter
310 3219 413 3285 leucas
437 3218 601 3304 quadratas
630 3219 796 3308 protendi-

158 3335 222 3420 tur,
241 3345 275 3390 ac
298 3325 392 3412 plura
420 3324 479 3390 suh
508 3345 542 3391 se
574 3326 797 3412 complectitur

158 3433 238 3502 loca.

225 3544 471 3607 cerussatam
486 3543 672 3604 Ecctnsruu
691 3543 796 3605 Uenu·

157 3666 224 3714 mn.
242 3663 349 3711 racan.
367 3662 428 3732 per
453 3646 686 3711 translationem
704 3651 743 3712 ll.
759 3651 790 3710 P.

157 3757 193 3818 u.
220 3750 390 3819 salvatoris
429 3751 535 3816 aloisii
568 3769 585 3815 e
618 3753 795 3820 comitibus

156 3861 229 3926 Zola
254 3856 435 3926 adsedem
461 3858 661 3943 Lyciensem;
680 3860 796 3926 Sentis·

156 3967 254 4032 simus
278 3963 440 4050 promovit
463 3963 502 4029 ad
527 3966 715 4029 recensitam
740 3970 800 4030 Ec-

158 4073 286 4138 clesiam
298 4073 336 4137 ll.
352 4073 385 4134 P.
401 4073 453 4136 Fr.
474 4067 653 4134 ianuarium
673 4072 796 4135 Mariam

159 4179 275 4244 hlaselli
300 4197 338 4243 ex
365 4175 529 4262 legitimis,
552 4175 723 4253 catholicis,
741 4177 799 4242 ho·

158 4285 320 4370 nestisque
342 4283 530 4370 parentibus
555 4283 587 4349 in
612 4282 731 4368 oppido
757 4286 798 4348 Α·

159 4390 292 4476 qnadiae
314 4388 498 4456 dioeceseos
522 4390 706 4454 Eorinensis
723 4407 794 4473 pro-

159 4499 315 4581 genitum,
329 4505 361 4560 et
373 4493 650 4583 quadragesimum
669 4497 799 4560 tertium

1413 223 1471 292 t7t

840 341 949 408 aetatis
971 359 1046 408 ‘suae
1081 361 1196 408 annum
1222 357 1473 431 supergressum.

842 453 926 514 luter
947 449 1070 515 sodales
1099 449 1223 515 Ordinis
1254 453 1394 515 Fratrum
1422 451 1477 516 lli·

841 556 1001 621 nimorum
1026 559 1057 622 S.
1077 555 1230 620 Francisci
1257 555 1298 620 de
1328 556 1418 622 Paula
1444 552 1475 626 in

841 661 1003 746 provincia
1019 661 1219 744 Neapolitana
1234 660 1271 724 ab
1288 659 1476 726 adolescen-

842 769 883 833 tia
908 766 1057 845 adscitus,
1085 768 1193 851 ibique
1227 767 1378 832 solemnia
1404 780 1475 832 vota

842 885 1054 961 nuncupatus,
1081 885 1113 941 et
1131 894 1219 940 sacro
1242 873 1476 958 Presbyteratus

843 979 954 1046 ordine
979 981 1100 1047 dudum
1127 982 1304 1070 insignitus,
1321 981 1352 1046 in
1376 981 1477 1044 ercle-

841 1087 970 1154 siasticis
999 1088 1153 1154 obeundis
1179 1088 1404 1165 functionibus,
1428 1088 1476 1150 si-

843 1205 978 1282 gnanter
1003 1193 1034 1259 in
1059 1195 1111 1258 Dei
1130 1193 1228 1258 verbo
1252 1192 1475 1280 praedicando,

843 1319 952 1365 navam
967 1299 1125 1384 impendit
1139 1319 1278 1387 operam.
1296 1299 1342 1364 ild
1353 1301 1477 1366 Ordinis

842 1408 1034 1474 Praelaturas
1072 1427 1303 1494 saepenumero
1341 1409 1476 1483 electus,

842 1525 911 1582 tum
935 1514 1021 1580 vices
1044 1514 1158 1591 zelon,
1182 1514 1340 1580 saurices
1362 1516 1480 1579 Procu-

843 1624 955 1690 ratoris
978 1623 1138 1690 Generalis
1163 1620 1276 1688 eodem
1302 1621 1334 1689 in
1364 1622 1478 1688 ordine

842 1732 980 1820 peregit,
999 1742 1065 1796 tum
1088 1732 1195 1818 plures
1226 1746 1284 1814 per
1311 1748 1409 1794 annos
1439 1729 1478 1795 ad

843 1842 875 1906 S.
896 1835 1042 1905 Andreae
1067 1835 1107 1904 de
1132 1839 1246 1904 riaetis
1270 1837 1363 1906 huius
1379 1837 1478 1902 almae

843 1946 935 2013 Urbis
958 1945 1086 2012 Parochi
1110 1963 1245 2012 munere
1268 1941 1479 2028 adpraesens

843 2071 946 2139 usque
967 2050 1154 2137 perfunctus
1177 2061 1234 2118 est.
1256 2051 1312 2117 Vir
1335 2049 1479 2120 doctrina

842 2156 1007 2243 gravitate,
1025 2153 1207 2240 prudentia,
1225 2172 1349 2219 morum
1377 2154 1481 2219 hone·

842 2273 932 2340 state,
962 2280 1137 2346 rerumque
1161 2281 1220 2327 usu
1236 2259 1411 2347 praeditus,
1430 2259 1480 2326 di·

841 2391 938 2459 gnus,
980 2371 1033 2455 qui
1073 2380 1264 2434 memoratae
1300 2366 1477 2454 Ugentinae

841 2479 999 2545 Ecclesiae
1034 2478 1068 2542 in
1090 2477 1285 2561 Episcopum
1316 2473 1479 2560 praeficia-

841 2598 904 2670 tur.

908 2695 1068 2759 [laentum
1085 2691 1192 2756 civitas
1210 2691 1283 2756 olim
1302 2689 1463 2756 Salentino

841 2819 934 2877 rum,
962 2817 1047 2865 nunc
1072 2808 1172 2863 terrae
1197 2796 1414 2882 ilydruntinae
1445 2795 1477 2861 in

841 2925 917 2993 agro
929 2905 1147 2990 Neapolitano,
1161 2922 1254 2989 supra
1267 2912 1408 2967 montem
1425 2921 1478 2967 ae·
1570 2973 1573 2978 ,

842 3012 965 3080 dificata
988 3011 1154 3088 cernitur,
1182 3021 1214 3076 et
1238 3013 1269 3076 in
1299 3030 1357 3076 suo
1389 3010 1481 3076 unius

842 3118 908 3184 lere
942 3117 1079 3183 milliarii
1118 3117 1238 3183 ambitu
1270 3127 1319 3182 ter
1356 3117 1482 3182 circiter

841 3224 928 3292 mille
953 3223 1180 3310 complectitur
1203 3223 1329 3289 incolas.

909 3331 1101 3400 cathedralis
1125 3332 1261 3397 Ecclesia
1286 3329 1483 3415 assumptio-

841 3439 890 3506 nis
925 3441 1020 3502 Bmae
1056 3437 1195 3524 Virginis
1234 3437 1346 3502 Mariae
1390 3435 1482 3501 titulo

843 3541 1007 3630 gloriatur,
1022 3551 1118 3624 atque
1135 3537 1336 3624 hydruntino
1350 3538 1482 3603 archie-

841 3648 974 3734 piscopo
997 3643 1198 3731 suffragatur.

909 3756 982 3819 Eius
1013 3750 1190 3838 Capitulum
1229 3747 1304 3814 duas
1336 3758 1483 3814 recenset

844 3858 1038 3946 dignitates,
1068 3874 1200 3940 quarum
1225 3863 1297 3939 post
1318 3850 1483 3938 pontifica-

846 3965 908 4030 lem
932 3965 1033 4051 prima
1058 3964 1257 4037 cantoratus,
1275 3958 1386 4024 decem
1411 3975 1483 4022 cum

846 4070 993 4156 theologo
1017 4087 1051 4133 ac
1074 4063 1318 4153 poenitentiario
1347 4061 1483 4130 Canoni-

844 4195 908 4253 cos,
924 4185 994 4239 octo
1009 4174 1241 4249 blansionarios,
1256 4173 1396 4258 aliosque
1410 4173 1484 4234 Pre-

842 4280 986 4364 sbyteros
1010 4288 1042 4343 et
1067 4279 1205 4344 clericos
1233 4277 1349 4343 divinis
1382 4279 1481 4343 inser·

846 4388 980 4451 vientes.

912 4495 971 4556 Per
1002 4489 1483 4576 canonicum-archipresbyte-
