3622 5240
332 223 372 294 lo
832 248 974 297 mierum
998 249 1158 298 croscum
1242 299 1247 306 ,

329 342 606 444 patriarchatus
625 343 673 424 ab
691 344 881 424 erroribus
907 345 1009 424 novii
1036 345 1207 424 Armenii
1235 347 1448 426 schismatis
1476 347 1664 428 immunes

329 464 464 561 forent,
489 488 624 566 eosque
651 466 800 568 penitus
827 473 865 542 et
892 491 941 542 cx
969 466 1093 544 animo
1119 465 1407 547 detestarentur.
1431 467 1481 545 lllt
1498 469 1666 574 profecto

329 609 408 663 rem
435 608 610 690 prospere
638 585 857 662 successisse
885 586 1007 687 gavisi
1035 583 1247 680 fuissemus,
1271 586 1344 666 nisi
1371 587 1527 666 timendi
1556 611 1663 668 occe

329 705 470 783 sionem
501 701 734 808 praebuisset
760 704 899 780 iterata
925 701 1061 806 petitio
1089 703 1281 782 facultatis
1309 704 1478 784 mittendi
1511 705 1665 809 Elpisco·

329 823 481 928 passui
509 824 604 900 ritus
632 824 671 900 in
701 822 970 900 Melabariam:
1003 824 1187 926 adquam
1215 825 1450 904 obtinendam
1477 832 1514 902 et
1540 827 1667 930 gentis

328 943 430 1023 illius
457 944 707 1034 necessitates,
730 943 865 1043 quibus
893 943 986 1020 satis
1004 943 1195 1046 provisum
1220 968 1297 1023 non
1315 943 1433 1023 fuisse
1452 947 1664 1039 asserebatr

329 1069 368 1141 et
385 1063 635 1142 conscientiae
662 1084 752 1138 suae
779 1061 1019 1153 anxietatem,
1043 1061 1116 1140 nisi
1143 1069 1292 1164 praesto
1319 1068 1432 1158 esset,
1455 1063 1668 1145 obtendere

329 1183 532 1262 nitebatur.
564 1181 669 1272 Quae
696 1179 818 1257 omnia
854 1205 940 1258 oum
967 1207 991 1258 a
1019 1185 1223 1260 memorata
1259 1183 1398 1261 Nostra
1437 1181 1669 1285 oongrsga-

330 1306 433 1382 tione
460 1300 706 1380 Orientalium
735 1299 894 1377 Rituum
922 1300 1085 1401 negotiis
1112 1304 1328 1405 praeposita
1355 1300 1482 1380 sedulo
1501 1323 1668 1405 expensa

330 1422 503 1515 fuissent,
536 1421 612 1499 Nos
638 1417 819 1498 relatione
861 1425 1014 1524 accepta
1055 1421 1307 1500 Patriarehae
1349 1421 1561 1526 responderi
1590 1421 1670 1500 ius-

330 1546 449 1620 simus
478 1539 553 1644 (1),
576 1541 657 1618 eius
685 1537 884 1641 postulatis
911 1539 1031 1640 quoad
1060 1541 1175 1642 pmbe
1206 1565 1440 1618 nosceremus
1467 1540 1505 1620 id
1525 1541 1566 1620 in
1594 1540 1669 1619 uti·

331 1663 475 1740 litatem
503 1660 710 1737 animarum
741 1657 894 1733 minime
914 1681 1119 1736 cessurum:
1144 1657 1462 1740 Melabarensium
1482 1657 1671 1765 spirituali

332 1781 444 1859 saluti
473 1779 565 1856 satis
592 1803 657 1881 per
695 1777 771 1854 Nos
807 1775 1016 1854 consultum
1056 1801 1165 1860 esse:
1195 1776 1351 1880 ideoque
1393 1781 1667 1884 acquiesceret,

332 1923 553 2001 omnemque
580 1898 651 1975 hac
677 1898 722 1974 de
751 1921 863 1972 causa
890 1895 1006 1972 animi
1035 1896 1265 1974 anxietatem
1302 1897 1517 2000 deponeret.
1550 1897 1673 1981 Plura

332 2021 443 2100 etiam
475 2019 514 2094 in
543 2019 668 2096 eodem
697 2039 872 2118 responso
899 2015 1025 2092 addita
1052 2022 1156 2107 sunt,
1188 2021 1232 2093 ut
1259 2017 1339 2094 eius
1366 2017 1514 2097 animus
1541 2023 1667 2125 erige-

335 2143 453 2234 retur,
486 2162 596 2240 quem
625 2137 831 2214 sciebamus
859 2135 1109 2235 improborum
1137 2135 1303 2214 consiliis
1330 2140 1531 2236 tentatum,
1563 2131 1666 2219 inlr·

331 2262 399 2339 riis
427 2245 648 2352 lacessitum,
681 2255 794 2333 minis
822 2255 1077 2357 perterritum.
1246 2267 1249 2278 '

415 2383 478 2464 15.
508 2386 562 2461 At
589 2380 699 2486 paulo
727 2384 813 2481 post
839 2381 1014 2481 apparuit
1038 2402 1112 2480 quo
1140 2379 1327 2458 hominem
1346 2381 1564 2486 ceteroquin
1584 2409 1675 2487 pro·

331 2510 419 2585 bum
447 2506 625 2583 adducere
653 2499 803 2577 valeant
830 2523 1029 2602 pravorum
1058 2499 1286 2597 molimina,
1316 2524 1401 2578 eum
1430 2525 1493 2580 eos
1520 2507 1677 2610 tempus

332 2630 464 2706 iuvat:
495 2629 534 2702 et
561 2621 725 2726 profecto
751 2618 898 2698 nullum
926 2620 1173 2722 opportunius
1201 2623 1244 2697 ad
1274 2644 1361 2697 suos
1387 2643 1502 2699 ausus
1530 2625 1678 2702 deside·

332 2772 417 2826 rare
445 2744 663 2849 potuissent.
696 2742 772 2818 lam
808 2745 886 2816 tum
923 2739 1022 2818 enim
1067 2763 1205 2816 novum
1249 2739 1469 2817 Armenium
1506 2743 1677 2822 schisma

331 2867 530 2946 conflatum
559 2862 693 2952 fuerat,
713 2862 790 2938 iam
818 2863 1022 2954 exarserat,
1045 2859 1090 2935 ad
1117 2861 1389 2962 persequendos
1404 2861 1455 2939 'et
1481 2862 1679 2964 expolian-

333 2991 398 3066 dos
428 2983 644 3076 catholicos‚
676 2981 750 3058 iam
778 2978 936 3056 aliorum
964 2979 1105 3055 rituum
1133 2976 1370 3055 orientalium
1397 2977 1588 3059 Ecclesiae
1615 2980 1678 3060 vel

334 3105 475 3185 invitas
503 3105 541 3180 in
569 3125 656 3177 suas
683 3101 809 3203 partes
836 3106 874 3174 et
901 3097 1093 3201 perfidiam
1121 3095 1273 3174 trahere
1302 3098 1505 3178 nitebatur.
1539 3101 1679 3202 ltaque

332 3227 391 3304 die
421 3219 735 3326 vigesimaquarta
764 3217 857 3294 Maii
886 3241 986 3294 anno
1006 3213 1341 3296 MDOCOLXXIV
1368 3216 1409 3294 in
1436 3215 1597 3296 solemni
1617 3217 1680 3296 dle

334 3343 430 3422 festo
458 3341 711 3428 Pentecostes,
746 3335 844 3412 Ven.
877 3334 942 3411 rr.
973 3334 1148 3437 Iosephus
1177 3331 1402 3414 Patriarcha
1428 3357 1505 3414 non
1545 3337 1679 3416 timuit

334 3459 558 3538 contristare
586 3455 767 3557 Spiritum
799 3453 991 3531 Sanctum.
1023 3453 1120 3530 Nam
1148 3476 1192 3528 eo
1219 3448 1300 3553 ipso
1328 3452 1386 3530 die
1414 3454 1507 3531 duos
1547 3454 1678 3534 Sacer·

335 3583 439 3659 dotes
468 3577 526 3652 sui
555 3577 650 3651 ritus
678 3573 803 3652 liliam
832 3571 1003 3667 alterum,
1037 3571 1195 3648 alterum
1226 3572 1457 3650 Matthaeum
1489 3575 1675 3668 nomine,

334 3701 380 3778 ad
408 3696 649 3801 episcopalem
679 3693 898 3798 dignitatem
928 3690 1108 3795 sacrilege
1127 3692 1284 3769 evehere
1302 3715 1375 3768 non
1396 3689 1676 3786 reformidavit,

336 3818 597 3896 assistentibus
624 3813 709 3893 Elia
737 3813 874 3891 Mallus
900 3811 1086 3916 Episcopo
1116 3810 1280 3888 Alrrensi
1317 3809 1590 3900 Chaldaeorum
1641 3817 1681 3890 et

335 3939 460 4016 llliseo
480 3938 628 4016 Abbate
646 3934 817 4014 Generali
839 3931 1107 4012 Monaohorum
1139 3931 1178 4008 S.
1201 3929 1441 4025 Hormisdae3
1472 3953 1681 4036 eorumque

335 4055 493 4134 alterum
521 4053 709 4147 lezirensi,
742 4053 900 4131 alterum
930 4051 1144 4130 Amediensi
1172 4049 1348 4127 Ecclesiis
1376 4055 1513 4125 temere
1532 4053 1574 4128 et
1592 4051 1682 4130 im·

336 4173 436 4252 niter
463 4171 671 4276 praefecit:
701 4171 840 4248 etenim
868 4170 1068 4273 quominus
1096 4168 1133 4244 id
1160 4165 1241 4244 fleri
1269 4167 1316 4243 ab
1343 4189 1387 4244 eo
1425 4171 1574 4266 posset,
1607 4168 1682 4248 int·

337 4290 506 4398 pediebat
523 4292 713 4398 praedicta
731 4291 869 4368 Nostra
886 4285 1115 4366 Constitutio
1134 4286 1232 4364 edite
1240 4307 1339 4363 anno
1357 4279 1676 4366 MDCOOLXIX.

410 4553 450 4634 (1)
466 4557 540 4615 Iritt.
555 4557 615 4614 dat
631 4556 677 4610 (lle
697 4557 733 4610 80
751 4555 931 4624 Septembris
952 4554 1030 4609 leva.
