3622 5240
381 108 423 173 et
815 120 857 172 cx
880 124 964 172 acris
989 123 1269 176 consummaturus

379 224 480 300 rium,
507 223 656 288 nonnulla
678 223 828 289 laicorum
852 221 1013 299 sodalitia,

377 331 448 397 bina
472 329 651 414 hospitalia,
669 349 759 397 mons
775 329 902 417 pietatis
918 340 1014 414 atque

375 442 592 507 seminarium.

444 553 680 615 discebamus
725 567 899 612 accensius
939 563 1015 610 acn-

308 712 309 715 ,
375 677 471 722 sons.
498 677 536 722 er
560 659 591 723 S.
613 661 756 722 Euaissa.
774 654 908 720 invicem
940 671 1013 736 per·

373 773 472 845 petuo
496 758 646 824 canonice
676 758 776 822 unitas
807 775 914 820 vacan.
954 775 1013 841 par

375 865 606 932 translationem
631 864 742 951 vigore
772 863 908 950 optionis
942 867 1010 930 Emi

372 993 407 1038 ac
443 971 512 1039 Emi
543 973 668 1038 Domini
702 973 814 1036 aloisii.
845 974 878 1038 S.
905 975 942 1038 R.
970 974 1009 1036 E.

259 1097 263 1106 ·
373 1077 545 1146 Cardinalis
569 1081 658 1144 dmat
698 1097 715 1142 e
754 1081 868 1145 Sancto
893 1077 1011 1164 Philip-

372 1206 415 1272 po
454 1196 487 1250 et
524 1187 618 1252 Surso
658 1185 690 1252 S.
723 1182 855 1273 Collegii
893 1183 1008 1249 Decani

370 1291 409 1357 ad
448 1292 548 1360 Sedes
587 1292 790 1359 cathedrales
826 1291 944 1357 Ostieu.
979 1303 1010 1355 et

371 1399 568 1464 Veliternen.
594 1398 730 1464 invicem
754 1398 874 1485 pariter
894 1417 1010 1486 perpe-

370 1516 425 1572 tuo
449 1507 598 1572 canonice
623 1507 736 1582 unitas,
761 1527 837 1592 quas
854 1505 1008 1571 Ecclesias

368 1617 519 1681 Portuen.
545 1628 577 1679 et
601 1615 631 1681 S.
660 1612 791 1681 Rufinae
816 1624 926 1698 optare
960 1613 1008 1679 in-

368 1721 472 1788 tendit
496 1725 591 1788 Emus
613 1743 647 1786 ac
665 1725 761 1786 fimus
778 1721 931 1786 Dominus
949 1722 1001 1785 Ca·

367 1827 472 1896 millus
488 1826 645 1914 praelatae
669 1829 701 1892 S.
729 1829 765 1891 lt.
793 1827 829 1888 E.
858 1824 1004 1891 Cardine·

367 1935 404 1999 lis
428 1935 469 2001 de
486 1936 580 1997 Petro
594 1932 745 1997 hactenus
763 1929 938 2017 Episcopus
954 1934 1005 1998 at-

367 2039 534 2116 banensis‚
570 2039 632 2123 ipsa
659 2049 763 2103 tamen
792 2039 927 2104 Ecclesia
957 2037 1006 2105 di·

366 2145 469 2210 missa.

432 2251 655 2319 Seutodecimo
698 2251 736 2316 ab
776 2251 860 2316 Urbe
900 2251 1005 2337 lapide

364 2357 449 2424 baud
473 2358 584 2443 procul
602 2357 640 2423 ab
656 2359 736 2424 Ostia
754 2358 791 2424 ad
808 2357 930 2424 Tiberis
948 2359 1005 2425 de-

365 2475 486 2531 xteram
505 2465 683 2529 Portuensis
701 2463 809 2530 civitas
826 2464 1000 2542 aedificata,

365 2569 405 2635 ub
428 2571 508 2634 aeris
533 2570 765 2635 inclementiam
791 2589 907 2657 paucos
925 2592 1004 2638 enu-

364 2689 464 2742 merat
489 2679 614 2742 incolas.
635 2680 666 2743 S.
687 2676 816 2744 Rufinae
833 2688 938 2744 autem
956 2680 1001 2746 ni·

1069 233 1102 286 et
1126 228 1157 291 S.
1187 226 1314 294 Rufinus
1332 230 1468 297 invicem
1484 243 1642 318 perpetuo
1658 255 1709 302 ca·

1068 330 1182 397 nonice
1207 335 1320 413 unitas3
1347 355 1442 422 quam
1468 341 1638 407 Ecclesiam
1656 346 1707 410 lll-

1068 435 1181 504 banen.
1222 450 1332 525 optare
1368 443 1505 510 intendit
1541 450 1636 513 Emus
1671 470 1706 513 ac

1067 543 1163 608 llmus
1186 547 1338 612 Dominus
1362 550 1491 614 Carolus
1515 552 1647 618 dloisius
1667 556 1707 619 ti-

1067 645 1120 710 tuli
1145 649 1177 714 S.
1204 649 1356 735 llnupbria
1381 652 1539 735 praelatae
1556 657 1588 722 S.
1609 660 1645 722 lt.
1666 662 1699 722 E.

1065 753 1231 836 Presbyter
1265 757 1437 824 cardinalis
1461 760 1623 827 lluricbiui
1650 763 1706 828 ba-

1065 869 1175 954 ctenus
1199 862 1462 952 buchiepiscopus
1483 869 1703 948 Bononiensis,

1065 964 1139 1049 ipsis
1171 977 1275 1034 manen
1303 967 1438 1036 dimissis
1461 974 1565 1040 Titulo
1589 987 1621 1042 et
1644 981 1707 1042 Eo-

1063 1071 1154 1138 clesia
1178 1076 1383 1142 Bononiensi.
1467 1085 1469 1091 “

1128 1181 1372 1259 Quartodecimo
1389 1185 1427 1250 ab
1440 1187 1524 1252 Urbe
1537 1187 1641 1276 lapide
1655 1189 1705 1256 in·

1064 1297 1107 1351 tra
1132 1287 1208 1353 Latii
1234 1285 1311 1354 lines
1329 1289 1440 1356 Albani
1457 1291 1567 1358 civitas
1582 1298 1702 1380 partim

1062 1393 1095 1459 in
1118 1393 1261 1479 planitie,
1285 1395 1401 1483 partim
1432 1398 1463 1462 in
1488 1398 1566 1464 colle
1587 1400 1701 1466 aedifi-

1061 1510 1128 1564 cata
1141 1499 1277 1566 duorum
1295 1499 1362 1568 lere
1378 1499 1558 1569 milliarium
1573 1516 1620 1571 est
1634 1527 1704 1572 am-

1060 1605 1155 1684 bitus,
1174 1608 1370 1696 octingentas
1388 1609 1515 1676 circiter
1527 1609 1650 1690 domos,
1668 1627 1702 1681 et

1059 1725 1183 1800 septem
1208 1714 1296 1780 mille
1317 1716 1541 1804 complectitur
1565 1719 1695 1786 incolas.

1127 1819 1320 1887 Catbedralis
1333 1822 1470 1889 Ecclesia
1485 1825 1596 1892 maiori
1613 1846 1700 1894 nunc

1058 1925 1269 2011 amplitudine
1301 1942 1332 1994 et
1357 1931 1505 1996 ornatiori
1537 1943 1700 2000 structura

1058 2045 1219 2118 praestans
1250 2037 1282 2103 8.
1309 2037 1459 2102 Pancratii
1487 2040 1629 2124 Martyris
1660 2043 1702 2107 ti-

1058 2139 1124 2205 tulo
1140 2141 1305 2229 gloriatur,
1323 2153 1355 2208 et
1371 2145 1499 2210 Sanctae
1518 2145 1591 2213 Sedi
1616 2153 1700 2235 apo-

1057 2248 1186 2314 stolicae
1210 2258 1256 2314 est
1281 2250 1466 2317 immediate
1488 2254 1642 2319 subiecta.

1123 2357 1198 2421 Eius
1230 2357 1410 2442 Capitulum
1443 2358 1520 2425 duas
1552 2377 1703 2430 recenset

1057 2460 1249 2550 dignitates,
1282 2481 1416 2547 quarum
1439 2475 1512 2549 post
1533 2467 1704 2553 pontifica-

1056 2569 1119 2636 lem
1143 2570 1243 2656 prima
1270 2568 1625 2657 Archipresbyteratus,
1656 2579 1704 2642 al-

1057 2687 1123 2741 tera
1140 2673 1430 2755 Archidlaconatus,
1448 2679 1497 2742 cui
1516 2681 1702 2766 praebenda

362 2782 405 2850 bil
429 2796 556 2869 praeter·
580 2784 707 2849 titulum
731 2798 888 2869 superest.
1058 2782 1200 2849 inhaeret
1223 2782 1429 2870 theologalis,
1462 2785 1612 2853 undecim
1641 2795 1702 2857 Ca-

431 2890 605 2955 Gatbedruli
645 2892 779 2956 Ecclesia
817 2896 850 2958 S.
890 2893 1001 2958 Luciae
1055 2891 1198 2968 nunicos,
1223 2907 1303 2976 quos
1319 2889 1402 2956 inter
1416 2895 1699 2977 poenitentiarius,

363 2998 499 3087 Virginis
518 3009 549 3062 et
569 2997 708 3081 llartyris
728 2999 819 3062 titulo
836 2998 1000 3085 gloriatur,
1055 3017 1110 3063 seu
1135 2999 1264 3083 insuper
1293 2995 1498 3064 beneficiatos
1528 3000 1580 3064 vel
1611 3005 1701 3069 Man·

361 3117 457 3192 atque
482 3109 610 3172 Sanctae
636 3104 710 3172 Sedi
740 3104 937 3190 Apostolicae
956 3117 1002 3171 est
1055 3103 1229 3181 sionarios,
1259 3104 1401 3190 aliosque
1428 3105 1634 3190 Presbyteros
1666 3123 1702 3176 et

362 3212 544 3279 immediate
566 3211 721 3281 subiecta.
1057 3211 1195 3277 Clericus
1219 3210 1334 3276 divinis
1358 3212 1579 3279 inservientes.

426 3321 489 3386 Nec
514 3318 700 3406 dignitates,
724 3338 831 3405 neque
852 3322 999 3388 canonici
1122 3321 1180 3382 Per
1211 3317 1527 3402 Archipresbyterum
1558 3321 1597 3388 ab
1628 3323 1698 3388 aliis

357 3436 432 3492 sunt
456 3425 525 3502 ulli,
551 3423 607 3490 sed
632 3429 695 3492 llll.
723 3429 827 3491 Patres
851 3430 883 3494 S.
907 3431 999 3494 Fran
1055 3423 1275 3493 Sacerdotibus
1290 3423 1431 3491 adiutum
1449 3425 1626 3493 animarum
1640 3449 1695 3495 cu·

359 3535 430 3600 cisci
448 3532 613 3599 strictioris
630 3533 858 3610 observantiae,
885 3533 1001 3619 quibus
1056 3551 1087 3596 ra
1112 3531 1245 3615 ipsamet
1267 3541 1435 3597 exercetur
1452 3533 1483 3596 in
1500 3531 1694 3603 Gathedrali.

357 3639 505 3730 contigua
529 3639 642 3706 domus
665 3637 825 3727 adsignata
850 3654 909 3716 est,
935 3642 1001 3704 ani·
1068 3629 1071 3637 '
1121 3639 1208 3704 Nulla
1242 3637 1300 3703 alia
1334 3651 1498 3724 praeterea
1533 3643 1697 3727 reperitur

358 3767 480 3814 marum
506 3765 612 3812 curam
637 3747 770 3833 ipsamet
794 3760 945 3812 exercent
968 3745 999 3810 in
1056 3744 1220 3811 Albanensi
1246 3744 1278 3809 in
1303 3743 1381 3809 urbe
1411 3746 1615 3829 paraecialis,
1640 3761 1698 3815 aut

358 3855 548 3922 cathedrali.
1053 3853 1215 3939 collegiata
1241 3852 1389 3928 Ecclesia,
1414 3852 1469 3918 sed
1493 3865 1631 3939 quatuor
1645 3858 1699 3922 vi-

423 3964 667 4028 cni-muamus
689 3963 874 4026 Ecclesiam
893 3969 996 4026 tuna-
1054 3979 1174 4036 rorum,
1200 3977 1233 4023 ac
1258 3957 1321 4024 duo
1345 3959 1515 4023 mulierum
1532 3975 1697 4028 moneste-

356 4087 432 4134 uau.
458 4086 566 4133 racan.
599 4084 658 4152 per
690 4067 918 4136 translationem
954 4068 998 4128 ui·
1053 4066 1109 4141 ria,
1136 4064 1405 4129 conservatorium
1429 4081 1487 4147 pro
1510 4069 1628 4152 puellis
1646 4071 1697 4137 in-

354 4193 431 4258 gere
456 4171 595 4256 optionis
621 4173 688 4237 Emi
715 4192 747 4236 ac
776 4171 842 4236 llmi
871 4173 993 4235 Donum
1050 4171 1241 4246 stituendis,
1269 4183 1404 4254 quatuor
1427 4172 1579 4238 laicorum
1601 4175 1696 4242 soda-

355 4279 473 4343 t'aiuiili
502 4281 533 4345 8.
561 4281 596 4341 R.
625 4281 663 4344 E.
690 4277 862 4343 Cardinalis
884 4276 922 4342 de
942 4279 998 4340 Pe·
1052 4281 1170 4354 litates,
1197 4277 1369 4362 hospitale,
1394 4295 1484 4342 muns
1508 4277 1636 4362 pietatis
1660 4295 1696 4350 et

356 4401 402 4450 tro
426 4385 463 4451 ad
489 4383 588 4452 Sedes
614 4383 813 4449 Catlredrales
843 4387 992 4450 Portuen.
1049 4383 1267 4450 seminarium.
