3642 5232
352 259 414 324 ttsst
784 279 823 326 rex
848 277 930 324 acris
955 279 1228 326 catustsroauuraus

348 398 421 444 cura
454 381 652 454 animarum,
678 389 845 443 exercetur
880 389 984 442 antero
1036 376 1226 464 dignitates,
1256 399 1389 464 quarum
1413 392 1484 467 post
1507 389 1670 473 pontilira-

348 507 408 576 per
446 486 525 552 duos
565 485 767 570 Presbyter-os
805 486 988 571 Capelianos
1038 482 1097 546 lem
1123 483 1224 570 prima
1249 486 1670 582 Archidiaconatus,vigrnti

351 598 481 660 Curatos
505 603 702 678 nuncupatos
718 593 755 656 ah
773 593 908 679 ipsomet
933 593 993 668 lla·¹
1038 590 1180 675 quinque
1201 613 1272 657 cunt
1290 594 1439 684 theologo
1456 619 1487 661 ac
1506 604 1674 685 poeniten-

349 705 453 791 pitulo
484 701 603 767 electos
626 711 658 765 et
681 699 719 765 ab
744 697 990 784 archiepiscopo
1038 697 1129 761 tiario
1152 701 1336 776 Canonicos,
1356 702 1483 792 triginta
1502 709 1674 775 Beneficia·

351 807 541 896 adprobatos
558 805 666 872 eadem
687 805 717 868 in
735 803 986 888 Metropolitana.
1039 815 1099 884 tos,
1128 807 1268 893 aliosque
1292 811 1492 897 Presbyteros
1517 827 1549 880 et
1575 819 1676 883 Cleri-

407 919 535 980 Praeter
548 913 817 1000 Metropolitanum
832 921 904 977 octo
916 909 992 975 aliae
1039 930 1091 978 cos
1116 914 1160 977 rei
1186 912 1312 980 diuinae
1337 935 1464 1002 operam
1490 935 1649 991 natantes.

353 1020 387 1086 in
412 1018 600 1084 Ferrariensi
632 1017 757 1082 civitate
786 1016 994 1103 reperiuntur
1106 1020 1163 1082 Per
1186 1021 1318 1085 alterum
1350 1041 1390 1087 et
1415 1025 1579 1092 Canonicis
1610 1032 1677 1097 ani-

352 1125 546 1213 paroeciales
570 1125 749 1202 Ecclesiae,
774 1143 906 1210 quarum
932 1139 993 1186 una
1040 1137 1162 1194 marum
1187 1141 1259 1187 cura
1285 1124 1420 1208 ipsamet
1443 1141 1612 1196 exercetur
1644 1133 1676 1198 in

354 1244 478 1300 tantum
518 1231 814 1318 baptismali·lonte
849 1230 993 1303 munita,
1042 1226 1229 1293 Gathedrali.

356 1340 810 1428 quaedamvirocum,sexqoe
826 1338 995 1400 mulierum
1106 1335 1246 1411 Quatuor
1269 1338 1345 1404 aliae
1370 1356 1579 1410 recensentur
1606 1349 1679 1412 llle-

356 1441 998 1535 monasteria,plur·aconservatoriaalia-
1044 1443 1075 1505 tii
1111 1445 1300 1527 paroeciales
1336 1448 1513 1527 Ecclesiae,
1543 1472 1678 1537 quarum

358 1574 422 1642 que
438 1556 502 1620 loca
519 1554 570 1640 pia
588 1565 733 1619 recenter·
751 1553 902 1625 instituta,
918 1565 998 1614 non·
1043 1550 1139 1615 altera
1164 1551 1241 1618 ritus
1265 1556 1537 1641 graeco-catholici
1563 1573 1610 1625 est
1629 1561 1681 1625 lta-

358 1661 442 1727 nulla
479 1661 628 1726 laicorum
664 1657 831 1733 sodalitia,
858 1652 998 1718 xenodo-

359 1768 494 1846 chium,
520 1785 610 1832 mons
633 1765 783 1852 pietatis,
810 1773 841 1828 et
865 1761 998 1827 semina·

361 1877 470 1952 rium,
495 1873 544 1939 cui
570 1871 607 1938 ad
633 1892 685 1937 rus
715 1869 883 1936 colendum
908 1883 1000 1951 prae·

361 1979 529 2047 defunctus
563 1985 659 2044 Eunus
691 1974 911 2063 archipraesul
935 1991 1001 2037 rna-

362 2085 514 2176 gnihcanp
532 2085 647 2150 adiecit
671 2085 792 2149 villam.

430 2197 672 2259 Garucoestctt
712 2194 899 2254 Eocuusrau
940 2189 1002 2250 Lu-

364 2322 450 2367 cano.
466 2318 572 2364 cacan.
588 2319 645 2384 per
661 2297 890 2362 translationem
907 2297 943 2356 li.
966 2293 998 2354 Ρ.

365 2413 400 2476 l).
433 2407 546 2472 Valerii
580 2411 696 2490 Laspro
721 2403 758 2468 ad
789 2398 1003 2484 lletropolita-

365 2535 434 2581 nam
460 2513 576 2581 Sedent
601 2513 848 2586 salernitanum
868 2507 1003 2573 Satnctis-

364 2623 460 2687 simus
479 2619 633 2686 transtulit
657 2617 696 2682 ad
726 2615 913 2708 recensitam
945 2613 1004 2674 Ec·

366 2728 490 2795 clesiam
515 2731 539 2792 tt
576 2728 608 2789 P.
637 2728 673 2789 l).
699 2725 892 2790 salvatorem
918 2715 1004 2782 hloi-

366 2838 447 2902 sium
465 2855 502 2901 eu
521 2832 697 2900 Comitibus
715 2831 799 2904 Zola,
818 2828 907 2892 cuius
924 2847 1005 2912 qrati-

368 2942 468 3008 litates
497 2941 535 3005 ab
567 2938 743 3023 hpostolica
778 2937 887 3001 Sancta
919 2935 1003 3002 Sede

366 3048 557 3134 adprobatae
581 3044 695 3119 luere,
725 3058 795 3106 curn
821 3040 861 3105 de
894 3059 1003 3106 mense

367 3156 476 3222 llartio
514 3153 597 3216 toto
635 3147 808 3234 Ugentinae
846 3147 1003 3210 Ecclesiae

366 3259 548 3349 praelectus
572 3255 642 3321 luit.

433 3367 571 3432 Aletium
589 3363 662 3428 urlts
679 3360 880 3444 Neapolitana
896 3361 1005 3426 Salen-

1046 1658 1182 1741 ptismali
1215 1659 1300 1724 lonte
1332 1661 1470 1740 munita,
1498 1665 1587 1750 plora
1621 1687 1681 1753 pro

1044 1763 1121 1830 viris
1155 1776 1187 1830 et
1221 1777 1358 1853 quatuor·
1395 1789 1455 1854 pro
1494 1772 1682 1838 mulieribus

1045 1872 1245 1949 monasteria,
1264 1872 1380 1960 triplex
1395 1879 1680 1955 conservatoriunt,

1045 1978 1216 2043 nonnullae
1240 1978 1389 2044 laicorum
1413 1981 1605 2060 sodalitates,
1625 2003 1683 2049 no·

1046 2085 1234 2161 socomium,
1249 2095 1343 2169 atque
1360 2088 1578 2165 seminarium
1592 2107 1686 2154 mons

1048 2198 1151 2251 autem
1176 2188 1301 2270 pietatis
1326 2187 1535 2255 desideratur.

1115 2294 1299 2359 Dioeceseos
1339 2293 1474 2360 ambitus
1511 2297 1583 2362 satis
1624 2299 1687 2364 late

1048 2410 1149 2485 patet,
1168 2421 1201 2466 ac
1226 2399 1337 2486 viginti
1361 2419 1415 2466 sex
1444 2402 1502 2467 sub
1532 2422 1565 2468 se
1598 2424 1691 2470 com-

1048 2509 1199 2592 plectitur
1221 2508 1299 2572 loca.

1117 2613 1360 2676 Gaununnaccu
1384 2615 1572 2676 Ecctesrau
1592 2615 1692 2678 Greu-

1050 2737 1123 2782 nuo.
1154 2735 1263 2782 racan.
1290 2737 1350 2804 per
1379 2717 1612 2783 translationem
1648 2718 1689 2783 ad

1051 2823 1166 2887 Sedern
1214 2822 1484 2908 Metropolitauam
1525 2822 1691 2890 Valentio.

1051 2935 1087 2995 ll.
1108 2935 1141 2996 P.
1160 2934 1197 2995 l).
1216 2929 1365 2994 Antonini
1389 2929 1569 2995 llonescillo
1586 2942 1616 2994 et
1636 2933 1694 2992 Vi-

1049 3057 1097 3116 so;
1122 3035 1340 3104 sanctissimus
1365 3037 1522 3102 transtullt
1546 3035 1583 3100 ad
1610 3039 1695 3100 rela-

1052 3155 1112 3208 tam
1122 3144 1278 3208 Glannen.
1291 3142 1463 3206 Ecclesiam
1473 3146 1507 3207 ll.
1522 3145 1555 3205 P.
1567 3145 1601 3206 D.
1615 3145 1697 3206 Ern-

1050 3252 1176 3316 manuel
1204 3248 1293 3313 llario
1310 3250 1464 3314 Gonzalez
1483 3259 1515 3312 et
1532 3249 1692 3325 Sanchez,

1050 3356 1139 3422 cuius
1163 3354 1328 3440 qualitates
1352 3352 1389 3418 ab
1414 3352 1592 3440 apostolica
1614 3354 1696 3420 San-

368 3477 506 3541 tinorum
532 3473 562 3537 in
583 3491 657 3557 agro
674 3467 875 3553 Hydruntino
892 3485 1002 3551 parum
1050 3473 1097 3528 cta
1122 3461 1204 3529 Sede
1229 3459 1418 3545 adprobatae
1436 3459 1539 3536 luere,
1558 3477 1630 3523 cum
1651 3458 1696 3523 de

367 3585 449 3648 elato
474 3581 506 3645 in
532 3581 600 3643 loco
624 3573 798 3652 aedificata,
817 3571 911 3638 trium
937 3571 1003 3638 lere
1051 3589 1158 3636 mense
1185 3569 1325 3635 lanuario
1349 3567 1512 3655 praeteriti
1537 3567 1610 3631 anni
1635 3569 1698 3631 Ze·

367 3687 548 3754 milliarium
578 3693 625 3748 est
657 3681 813 3756 ambitus,
846 3680 927 3744 ultra
958 3678 1005 3744 his
1052 3678 1139 3742 lancie
1165 3676 1322 3740 Ecclesiae
1344 3671 1524 3759 praelectus
1551 3672 1621 3736 luit.

368 3795 453 3860 mille
480 3791 622 3857 continet
647 3783 1008 3869 domos,eamqnecir·
1120 3781 1315 3859 Giennium,
1341 3799 1397 3846 seu
1435 3781 1552 3844 Gienna
1596 3777 1698 3865 vulgo

370 3901 449 3966 citor·
472 3908 594 3985 septem
622 3894 707 3959 mille
741 3893 885 3957 incolunt
908 3894 1004 3956 cives.
1057 3891 1129 3952 laea
1156 3889 1228 3952 urbs
1260 3887 1426 3972 Hispaniae
1462 3887 1492 3948 in
1526 3884 1699 3949 hndalusia

438 4002 631 4070 cathedralis
655 3999 804 4074 Ecclesia,
822 3997 896 4063 boni
921 3999 1010 4063 aedi·
1057 3995 1095 4063 ad
1119 4014 1242 4060 amnem
1269 3997 1361 4066 Frio,
1392 4005 1424 4058 et
1446 4003 1541 4078 caput
1563 3992 1702 4076 provin-

375 4113 450 4189 licii,
476 4107 706 4190 Assumptionis
742 4109 836 4170 Butae
873 4103 1014 4190 Virginis
1060 4107 1125 4168 ciac
1156 4101 1339 4168 Giennensis
1370 4100 1407 4165 ah
1442 4100 1522 4165 ultra
1559 4107 1703 4182 quatuor

368 4219 480 4285 llariae
505 4216 598 4280 titulo
619 4213 784 4302 gloriatur,
803 4212 920 4277 nullam
939 4211 1006 4274 oui·
1061 4208 1199 4274 millibus
1216 4205 1352 4281 familiis,
1366 4223 1423 4268 seu
1440 4224 1455 4266 a
1472 4199 1584 4288 viginti
1602 4201 1703 4285 quain-

368 4327 413 4414 git
432 4324 677 4409 reparationem,
691 4329 786 4404 atque
804 4316 1004 4402 Hydruntno
1053 4334 1116 4401 que
1136 4312 1263 4376 circiter
1280 4309 1420 4375 millihos
1438 4308 1630 4374 inhabitatur·
1648 4309 1705 4371 in-

371 4431 618 4515 hcohiepiscopo
642 4426 841 4513 suffragatur.

434 4539 508 4602 Eius
545 4536 730 4622 Capitulum
762 4543 825 4598 tres
861 4541 1011 4596 recenset
1059 4527 1109 4592 lati
1137 4523 1334 4593 serenissimi
1361 4522 1455 4610 llegis
1481 4517 1648 4587 Catholici.

1057 4423 1132 4488 colo
1157 4420 1214 4484 suh
1242 4417 1403 4504 ternporali
1431 4415 1573 4481 dominio
1605 4433 1705 4500 prae·
1817 4499 1818 4508 ἵ
