3674 5210
315 188 357 254 26
812 205 947 250 torsione
976 204 1133 252 moratica

315 306 427 382 situm
457 305 718 406 assequereris.
752 303 809 380 Ex
836 328 909 404 quc
946 303 1042 379 enim
1091 303 1200 380 alicui
1246 304 1441 408 episcopo,
1474 305 1642 382 cuiusvis

315 425 507 528 dignitatis
536 429 573 502 et
599 423 738 501 ordinis
766 424 826 500 ille
856 423 917 515 sit,
941 421 1066 524 aliqua
1094 423 1197 522 regio
1226 423 1371 500 subdita
1389 423 1475 500 olim
1512 423 1638 517 luerit,

317 570 389 622 non
418 544 585 646 sequitur
613 542 707 620 hanc
736 557 910 644 perpetuo
939 543 1101 619 eiusdem
1129 543 1225 618 sedis
1253 543 1421 645 episcopo
1459 544 1643 620 subditam

316 689 395 740 esse
423 668 568 755 debere,
600 689 644 741 ac
671 689 742 740 uon
773 687 890 764 posse,
925 662 1093 765 legitima
1121 663 1354 752 auctoritaie,
1383 669 1421 742 et
1447 690 1559 742 causa
1587 667 1646 741 in-

318 787 560 876 terveniente,
592 785 630 861 in
660 785 813 861 alterius
841 781 1003 883 episcopi
1032 786 1252 883 potestatem
1286 784 1444 860 venire:
1490 809 1564 884 qua
1603 785 1647 860 de
1692 833 1693 836 =

318 931 359 982 re
387 906 494 1008 plura
521 903 691 1007 exempla
718 906 764 981 ab
792 903 980 980 Ecclesiae
1008 903 1229 996 annalibuS,
1263 912 1300 981 et
1327 908 1494 982 veterum
1524 904 1647 981 conci-

318 1022 451 1100 licrum
482 1022 575 1099 actis
602 1019 898 1124 suppeditantur.
929 1018 1235 1098 Ooecnmenicarn
1263 1045 1351 1096 vero
1379 1031 1415 1098 et
1456 1024 1648 1098 universa-

318 1141 391 1218 lem
421 1143 637 1242 potestatem
669 1139 707 1214 in
725 1161 865 1229 omnes,
892 1137 1012 1215 ubivis
1040 1141 1225 1215 terrarum
1254 1139 1343 1229 sint,
1368 1139 1529 1215 eiusdem
1551 1139 1647 1216 ritus

321 1257 460 1352 fideles,
492 1264 764 1336 consueverunt
792 1255 861 1332 sibi
891 1280 1067 1358 arrogare
1087 1259 1300 1335 Nestoriani
1319 1260 1454 1359 aliique
1474 1258 1648 1336 schisma·

322 1379 386 1457 tici
416 1378 663 1482 patriarchae,
695 1379 758 1480 qui
787 1376 965 1479 disruptis
993 1375 1150 1455 vinculis
1178 1380 1283 1478 queis
1311 1378 1649 1480 hnicApostolicae

321 1500 408 1578 Sedi
436 1498 622 1576 coniuncti
651 1505 782 1594 erant,
814 1497 1041 1600 superiorem
1069 1519 1144 1572 non
1190 1503 1408 1598 agnoscunt.
1447 1495 1651 1574 Catholicis

323 1625 447 1696 antem
475 1617 711 1695 praesulibus
739 1618 776 1694 id
803 1639 1005 1717 numquam
1034 1639 1245 1693 concessum
1260 1621 1326 1692 aut
1339 1617 1558 1717 permissum
1578 1615 1653 1692 fuit

324 1767 345 1813 a
370 1736 548 1842 legitimis
592 1738 824 1828 canonibus,
869 1760 1039 1836 nequea
1079 1736 1277 1838 pontificiis
1305 1736 1642 1812 constitutionibus.

409 1865 649 1940 »Praeterea
669 1861 885 1938 contendisti
909 1861 1197 1938 iurisdictionem
1226 1861 1265 1938 in
1299 1859 1542 1938 blalabaricas
1569 1885 1653 1936 cras

325 1983 391 2059 tibi
420 1981 534 2059 fuisse
561 1983 792 2082 promissam,
824 1981 1014 2060 affirmans
1041 1982 1077 2057 id
1104 1981 1174 2058 tihi
1204 1982 1299 2058 Ven.
1329 1981 1497 2058 Fratrem
1518 1979 1654 2058 Zacha-

325 2105 416 2180 riam
447 2101 667 2204 Episcopum
689 2105 886 2180 Maroneae
922 2127 1039 2206 nuper
1062 2105 1181 2179 evivis
1205 2111 1372 2205 ereptum
1397 2102 1652 2204 spopondisse.

329 2223 444 2323 Atqui
473 2223 504 2298 is
533 2248 613 2299 cum
645 2223 761 2299 multa
789 2223 955 2299 retulerit
985 2247 1081 2324 quae
1110 2224 1193 2298 istic
1221 2225 1267 2300 ab
1294 2247 1338 2300 ec
1365 2222 1465 2298 facta
1485 2219 1653 2314 fuerunt,

328 2345 421 2423 nihil
450 2352 573 2424 tarnen
601 2349 646 2424 de
674 2345 881 2424 huiusmodi
908 2349 1103 2449 sponsione
1132 2349 1176 2422 ad
1205 2354 1368 2424 nostram
1389 2345 1658 2447 Ocngrcgatio·

329 2491 409 2543 cern
440 2466 617 2568 scripsit;
647 2491 767 2567 nequo
796 2469 871 2543 Nos
899 2466 998 2545 illius
1027 2468 1256 2567 peragendae
1285 2467 1398 2543 ullam
1419 2489 1593 2566 umquam
1623 2464 1658 2540 ei

327 2587 492 2663 dedimus
534 2591 765 2687 potestatem.
812 2587 889 2663 Nec
930 2609 1040 2686 porro
1081 2591 1237 2687 apparet
1275 2585 1397 2660 valida
1440 2583 1518 2659 ulla
1562 2585 1659 2658 ratio

326 2735 421 2810 quae
447 2708 550 2786 illum
582 2710 764 2812 potuisset
792 2711 838 2784 ad
867 2733 947 2786 eam
976 2711 1255 2812 promissionem
1292 2709 1497 2804 faciendam
1541 2708 1660 2785 addu-

327 2854 433 2923 ccre3
464 2855 538 2906 non
565 2832 663 2904 enim
692 2830 889 2906 admittere
919 2855 1111 2931 possumus
1131 2854 1215 2906 enin
1235 2831 1270 2904 id
1297 2827 1441 2918 iecisse,
1463 2831 1505 2903 ut
1525 2829 1659 2904 adhae-

329 2952 470 3026 sionem
498 2959 601 3026 tuam
634 2950 806 3026 Vaticani
833 2949 988 3028 Concilii
1029 2949 1356 3027 constitutionibus
1387 2949 1549 3030 haberet,
1574 2969 1659 3023 cum

329 3069 483 3150 Ooncilii
504 3071 704 3146 auctoritas
724 3071 792 3147 hac
804 3071 1021 3146 adhaesione
1042 3093 1115 3147 non
1136 3070 1332 3168 indigeret,
1356 3072 1393 3142 et
1413 3068 1505 3143 haec
1524 3067 1662 3167 agendi

331 3192 427 3267 ratio
454 3214 529 3266 non
556 3190 673 3265 solum
704 3193 741 3264 in
769 3193 868 3278 tuae,
902 3191 962 3264 sed
991 3190 1030 3264 in
1058 3190 1137 3265 eius
1165 3189 1279 3264 etiam
1322 3185 1570 3262 conscientiae
1616 3207 1662 3260 ao

333 3313 482 3388 honoris
509 3309 630 3385 labem
659 3311 840 3385 cessisset.

414 3429 717 3506 ›Concessicnes
761 3434 949 3527 praeterea
986 3426 1217 3528 Apostolicae
1260 3423 1363 3502 Sedis
1405 3427 1657 3528 probaturus,

329 3553 474 3628 litteras
502 3547 685 3651 protulisti
715 3545 773 3620 iel.
799 3545 960 3621 reclulii
979 3545 1027 3622 lll
1042 3545 1330 3646 praedecessoris
1346 3546 1471 3623 Nostri
1491 3545 1594 3621 datas
1614 3542 1661 3618 lV

333 3667 522 3744 Kalendas
551 3663 640 3740 Maii
669 3687 729 3738 an.
764 3660 918 3738 MDLlll
948 3662 1083 3761 quibus
1113 3667 1317 3739 memorato
1345 3663 1506 3740 Sulahae
1552 3659 1670 3739 chat

332 3786 427 3862 daici
456 3787 551 3860 ritus
583 3782 814 3883 patriarchae
844 3806 988 3858 sacrum
1022 3781 1173 3883 pallium
1194 3786 1232 3857 et
1259 3780 1455 3858 nonnullae
1471 3780 1662 3858 facultates

334 3905 640 3982 concedebantur.
672 3901 835 3988 Quaeram
866 3901 1073 3977 litterarum
1103 3901 1287 3977 arabicam
1317 3901 1537 3993 versionem,
1559 3903 1658 3976 earh-

338 4049 410 4127 que
436 4046 512 4100 non
540 4023 631 4097 satis
659 4020 815 4112 fidelem,
850 4023 888 4096 in
916 4020 1079 4097 ecclesiis
1111 4021 1253 4121 vulgari
1283 4018 1437 4109 iussisti,
1463 4026 1504 4096 ut
1524 4020 1657 4096 nostris

334 4145 514 4222 mandatis
541 4147 579 4218 et
606 4142 928 4216 constitutionibus
947 4141 1093 4215 decreta
1111 4163 1314 4240 opponeres
1335 4144 1373 4213 et
1387 4138 1536 4220 ¹litteras
1558 4165 1664 4240 prae

332 4265 562 4342 decessorum
594 4263 839 4350 Nostrorum
869 4284 961 4361 quos
989 4261 1081 4335 dicis
1109 4264 1147 4334 et
1176 4263 1395 4358 potestatem
1426 4258 1667 4336 confirmasse

335 4383 631 4485 patriarcharum
660 4380 918 4456 chaldaeorum
947 4379 987 4455 in
1015 4381 1157 4456 Indicas
1186 4379 1379 4479 regiones,
1411 4383 1449 4452 et
1476 4380 1665 4480 episcopos

336 4503 495 4606 eligendi
523 4501 720 4580 arbitrium
749 4501 876 4576 iisdem
905 4502 1142 4575 concessisse.
1177 4496 1291 4574 lulius
1321 4499 1397 4584 lll,
1433 4504 1474 4574 ut
1503 4509 1541 4574 tu
1592 4497 1669 4588 ipsc
