<?xml version="1.0" encoding="UTF-8"?>
<!DOCTYPE html PUBLIC "-//W3C//DTD XHTML 1.0 Transitional//EN"
    "http://www.w3.org/TR/xhtml1/DTD/xhtml1-transitional.dtd">
<html xmlns="http://www.w3.org/1999/xhtml" xml:lang="en" lang="en">
 <head>
  <title>
</title>
<meta http-equiv="Content-Type" content="text/html;charset=utf-8" />
  <meta name='ocr-system' content='tesseract 3.04.00' />
  <meta name='ocr-capabilities' content='ocr_page ocr_carea ocr_par ocr_line ocrx_word'/>
</head>
<body>
  <div class='ocr_page' id='page_1' title='image "actasanctaesedi05popegoog_0029.png"; bbox 0 0 3674 5210; ppageno 0'>
   <div class='ocr_carea' id='block_1_1' title="bbox 382 201 1710 417">
    <p class='ocr_par' dir='ltr' id='par_1_1' title="bbox 382 201 1710 417">
     <span class='ocr_line' id='line_1_1' title="bbox 382 201 1205 270; baseline -0.002 -2"><span class='ocrx_word' id='word_1_1' title='bbox 382 201 424 270; x_wconf 66' lang='lat'><strong>“22</strong></span> <span class='ocrx_word' id='word_1_2' title='bbox 883 218 1020 267; x_wconf 73' lang='lat' dir='ltr'><strong>sussum</strong></span> <span class='ocrx_word' id='word_1_3' title='bbox 1048 217 1205 266; x_wconf 77' lang='lat' dir='ltr'><strong>sacreum</strong></span> 
     </span>
     <span class='ocr_line' id='line_1_2' title="bbox 384 310 1710 417; baseline -0.005 -26"><span class='ocrx_word' id='word_1_4' title='bbox 384 324 451 394; x_wconf 91' lang='lat' dir='ltr'><strong>tur</strong></span> <span class='ocrx_word' id='word_1_5' title='bbox 478 313 668 395; x_wconf 77' lang='lat' dir='ltr'>subversio</span> <span class='ocrx_word' id='word_1_6' title='bbox 697 314 934 394; x_wconf 84' lang='lat' dir='ltr'><strong>ecelesiastici</strong></span> <span class='ocrx_word' id='word_1_7' title='bbox 962 314 1099 391; x_wconf 78' lang='lat' dir='ltr'>ordinis</span> <span class='ocrx_word' id='word_1_8' title='bbox 1127 317 1193 390; x_wconf 90' lang='lat' dir='ltr'><strong>tua</strong></span> <span class='ocrx_word' id='word_1_9' title='bbox 1220 339 1331 417; x_wconf 88' lang='lat' dir='ltr'><strong>opera</strong></span> <span class='ocrx_word' id='word_1_10' title='bbox 1350 310 1525 402; x_wconf 86' lang='lat' dir='ltr'><strong>excitata,</strong></span> <span class='ocrx_word' id='word_1_11' title='bbox 1549 310 1710 388; x_wconf 87' lang='lat' dir='ltr'><strong>fidelium</strong></span> 
     </span>
    </p>
   </div>
   <div class='ocr_carea' id='block_1_2' title="bbox 383 433 1825 541">
    <p class='ocr_par' dir='ltr' id='par_1_2' title="bbox 383 433 1825 541">
     <span class='ocr_line' id='line_1_3' title="bbox 383 433 1825 541; baseline -0.004 -29"><span class='ocrx_word' id='word_1_12' title='bbox 383 437 638 541; x_wconf 74' lang='lat' dir='ltr'>perturbatio,</span> <span class='ocrx_word' id='word_1_13' title='bbox 669 438 925 512; x_wconf 74' lang='lat' dir='ltr'><strong>contentiones</strong></span> <span class='ocrx_word' id='word_1_14' title='bbox 953 442 990 512; x_wconf 90' lang='lat' dir='ltr'><strong>et</strong></span> <span class='ocrx_word' id='word_1_15' title='bbox 1032 433 1326 528; x_wconf 77' lang='lat' dir='ltr'><strong>aemulationes,</strong></span> <span class='ocrx_word' id='word_1_16' title='bbox 1357 440 1395 510; x_wconf 89' lang='lat' dir='ltr'><strong>et</strong></span> <span class='ocrx_word' id='word_1_17' title='bbox 1440 433 1709 536; x_wconf 81' lang='lat' dir='ltr'><strong>gravissimum</strong></span> <span class='ocrx_word' id='word_1_18' title='bbox 1824 489 1825 492; x_wconf 63' lang='lat'><strong>,</strong></span> 
     </span>
    </p>
   </div>
   <div class='ocr_carea' id='block_1_3' title="bbox 381 551 1825 2339">
    <p class='ocr_par' dir='ltr' id='par_1_3' title="bbox 381 551 1713 1230">
     <span class='ocr_line' id='line_1_4' title="bbox 383 551 1712 655; baseline -0.005 -23"><span class='ocrx_word' id='word_1_19' title='bbox 383 553 593 632; x_wconf 85' lang='lat' dir='ltr'><strong>scandalum</strong></span> <span class='ocrx_word' id='word_1_20' title='bbox 623 556 717 654; x_wconf 76' lang='lat' dir='ltr'><strong>quor!</strong></span> <span class='ocrx_word' id='word_1_21' title='bbox 748 551 915 629; x_wconf 86' lang='lat' dir='ltr'><strong>fidelibus</strong></span> <span class='ocrx_word' id='word_1_22' title='bbox 942 551 1085 628; x_wconf 87' lang='lat' dir='ltr'><strong>illatum</strong></span> <span class='ocrx_word' id='word_1_23' title='bbox 1115 557 1202 642; x_wconf 91' lang='lat' dir='ltr'><strong>est,</strong></span> <span class='ocrx_word' id='word_1_24' title='bbox 1235 556 1275 629; x_wconf 90' lang='lat' dir='ltr'><strong>et</strong></span> <span class='ocrx_word' id='word_1_25' title='bbox 1310 552 1468 630; x_wconf 83' lang='lat' dir='ltr'><strong>insertur</strong></span> <span class='ocrx_word' id='word_1_26' title='bbox 1496 577 1562 655; x_wconf 89' lang='lat' dir='ltr'><strong>per</strong></span> <span class='ocrx_word' id='word_1_27' title='bbox 1606 557 1712 628; x_wconf 89' lang='lat' dir='ltr'><strong>tuam</strong></span> 
     </span>
     <span class='ocr_line' id='line_1_5' title="bbox 382 670 1712 774; baseline -0.004 -23"><span class='ocrx_word' id='word_1_28' title='bbox 382 673 668 753; x_wconf 77' lang='lat' dir='ltr'><strong>inobedientiam</strong></span> <span class='ocrx_word' id='word_1_29' title='bbox 701 670 921 773; x_wconf 79' lang='lat' dir='ltr'><strong>Apostolicis</strong></span> <span class='ocrx_word' id='word_1_30' title='bbox 951 671 1162 760; x_wconf 81' lang='lat' dir='ltr'><strong>mandatis3</strong></span> <span class='ocrx_word' id='word_1_31' title='bbox 1193 672 1240 748; x_wconf 93' lang='lat' dir='ltr'><strong>ob</strong></span> <span class='ocrx_word' id='word_1_32' title='bbox 1267 697 1376 774; x_wconf 90' lang='lat' dir='ltr'><strong>quam</strong></span> <span class='ocrx_word' id='word_1_33' title='bbox 1415 673 1586 749; x_wconf 85' lang='lat' dir='ltr'><strong>exultant</strong></span> <span class='ocrx_word' id='word_1_34' title='bbox 1629 671 1712 748; x_wconf 85' lang='lat' dir='ltr'><strong>intl-</strong></span> 
     </span>
     <span class='ocr_line' id='line_1_6' title="bbox 381 791 1707 894; baseline -0.003 -23"><span class='ocrx_word' id='word_1_35' title='bbox 381 794 481 871; x_wconf 86' lang='lat' dir='ltr'><strong>deles</strong></span> <span class='ocrx_word' id='word_1_36' title='bbox 509 798 546 870; x_wconf 89' lang='lat' dir='ltr'><strong>et</strong></span> <span class='ocrx_word' id='word_1_37' title='bbox 573 791 768 884; x_wconf 88' lang='lat' dir='ltr'><strong>haeretici,</strong></span> <span class='ocrx_word' id='word_1_38' title='bbox 801 792 979 894; x_wconf 87' lang='lat' dir='ltr'><strong>ancipites</strong></span> <span class='ocrx_word' id='word_1_39' title='bbox 1008 791 1164 867; x_wconf 76' lang='lat' dir='ltr'><strong>haerent</strong></span> <span class='ocrx_word' id='word_1_40' title='bbox 1191 791 1256 892; x_wconf 92' lang='lat' dir='ltr'><strong>qui</strong></span> <span class='ocrx_word' id='word_1_41' title='bbox 1284 792 1422 868; x_wconf 85' lang='lat' dir='ltr'><strong>debiles</strong></span> <span class='ocrx_word' id='word_1_42' title='bbox 1450 797 1538 869; x_wconf 89' lang='lat' dir='ltr'><strong>sunt</strong></span> <span class='ocrx_word' id='word_1_43' title='bbox 1564 791 1707 884; x_wconf 83' lang='lat' dir='ltr'><strong>infide,</strong></span> 
     </span>
     <span class='ocr_line' id='line_1_7' title="bbox 383 908 1713 1011; baseline -0.004 -23"><span class='ocrx_word' id='word_1_44' title='bbox 383 913 566 988; x_wconf 83' lang='lat' dir='ltr'><strong>firmiores</strong></span> <span class='ocrx_word' id='word_1_45' title='bbox 595 916 717 987; x_wconf 87' lang='lat' dir='ltr'><strong>autom</strong></span> <span class='ocrx_word' id='word_1_46' title='bbox 747 908 870 986; x_wconf 90' lang='lat' dir='ltr'><strong>dolent</strong></span> <span class='ocrx_word' id='word_1_47' title='bbox 897 934 941 986; x_wconf 90' lang='lat' dir='ltr'><strong>ac</strong></span> <span class='ocrx_word' id='word_1_48' title='bbox 968 909 1120 1011; x_wconf 83' lang='lat' dir='ltr'><strong>lugent3</strong></span> <span class='ocrx_word' id='word_1_49' title='bbox 1151 915 1188 985; x_wconf 89' lang='lat' dir='ltr'><strong>et</strong></span> <span class='ocrx_word' id='word_1_50' title='bbox 1215 932 1288 986; x_wconf 92' lang='lat' dir='ltr'><strong>uon</strong></span> <span class='ocrx_word' id='word_1_51' title='bbox 1318 909 1444 986; x_wconf 90' lang='lat' dir='ltr'><strong>vident</strong></span> <span class='ocrx_word' id='word_1_52' title='bbox 1470 910 1713 1011; x_wconf 81' lang='lat' dir='ltr'><strong>quaratioua</strong></span> 
     </span>
     <span class='ocr_line' id='line_1_8' title="bbox 383 1028 1712 1130; baseline -0.003 -22"><span class='ocrx_word' id='word_1_53' title='bbox 383 1031 627 1108; x_wconf 87' lang='lat' dir='ltr'><strong>Patriarchae</strong></span> <span class='ocrx_word' id='word_1_54' title='bbox 654 1029 804 1105; x_wconf 83' lang='lat' dir='ltr'><strong>subesse</strong></span> <span class='ocrx_word' id='word_1_55' title='bbox 833 1029 991 1130; x_wconf 89' lang='lat' dir='ltr'><strong>possint,</strong></span> <span class='ocrx_word' id='word_1_56' title='bbox 1033 1029 1097 1129; x_wconf 90' lang='lat' dir='ltr'><strong>qui</strong></span> <span class='ocrx_word' id='word_1_57' title='bbox 1126 1028 1286 1105; x_wconf 87' lang='lat' dir='ltr'><strong>debitam</strong></span> <span class='ocrx_word' id='word_1_58' title='bbox 1316 1029 1487 1107; x_wconf 86' lang='lat' dir='ltr'><strong>Romano</strong></span> <span class='ocrx_word' id='word_1_59' title='bbox 1530 1028 1712 1106; x_wconf 86' lang='lat' dir='ltr'><strong>Pontifici</strong></span> 
     </span>
     <span class='ocr_line' id='line_1_9' title="bbox 382 1149 870 1230; baseline -0.014 0"><span class='ocrx_word' id='word_1_60' title='bbox 382 1151 627 1230; x_wconf 87' lang='lat' dir='ltr'><strong>obedientiam</strong></span> <span class='ocrx_word' id='word_1_61' title='bbox 657 1149 870 1225; x_wconf 66' lang='lat' dir='ltr'><strong>detrectat?</strong></span> 
     </span>
    </p>

    <p class='ocr_par' dir='ltr' id='par_1_4' title="bbox 382 1267 1825 2348">
     <span class='ocr_line' id='line_1_10' title="bbox 466 1267 1715 1370; baseline -0.001 -25"><span class='ocrx_word' id='word_1_62' title='bbox 466 1269 609 1346; x_wconf 81' lang='lat' dir='ltr'><strong>»Haec</strong></span> <span class='ocrx_word' id='word_1_63' title='bbox 635 1272 674 1345; x_wconf 88' lang='lat' dir='ltr'><strong>te</strong></span> <span class='ocrx_word' id='word_1_64' title='bbox 703 1269 823 1368; x_wconf 91' lang='lat' dir='ltr'><strong>ipsum</strong></span> <span class='ocrx_word' id='word_1_65' title='bbox 849 1267 1055 1370; x_wconf 84' lang='lat' dir='ltr'><strong>intelligere</strong></span> <span class='ocrx_word' id='word_1_66' title='bbox 1083 1294 1127 1345; x_wconf 86' lang='lat' dir='ltr'><strong>ac</strong></span> <span class='ocrx_word' id='word_1_67' title='bbox 1153 1268 1285 1345; x_wconf 87' lang='lat' dir='ltr'><strong>timere</strong></span> <span class='ocrx_word' id='word_1_68' title='bbox 1312 1269 1403 1345; x_wconf 88' lang='lat' dir='ltr'><strong>satis</strong></span> <span class='ocrx_word' id='word_1_69' title='bbox 1431 1269 1632 1347; x_wconf 89' lang='lat' dir='ltr'><strong>ostendunt</strong></span> <span class='ocrx_word' id='word_1_70' title='bbox 1650 1268 1715 1345; x_wconf 85' lang='lat' dir='ltr'><strong>lit·</strong></span> 
     </span>
     <span class='ocr_line' id='line_1_11' title="bbox 382 1387 1715 1492; baseline -0.005 -22"><span class='ocrx_word' id='word_1_71' title='bbox 382 1398 496 1485; x_wconf 87' lang='lat' dir='ltr'><strong>terae,</strong></span> <span class='ocrx_word' id='word_1_72' title='bbox 516 1388 650 1492; x_wconf 91' lang='lat' dir='ltr'><strong>quibus</strong></span> <span class='ocrx_word' id='word_1_73' title='bbox 679 1411 762 1464; x_wconf 91' lang='lat' dir='ltr'><strong>ven.</strong></span> <span class='ocrx_word' id='word_1_74' title='bbox 795 1387 945 1464; x_wconf 78' lang='lat' dir='ltr'><strong>Fratres</strong></span> <span class='ocrx_word' id='word_1_75' title='bbox 973 1387 1161 1488; x_wconf 80' lang='lat' dir='ltr'><strong>episcopos</strong></span> <span class='ocrx_word' id='word_1_76' title='bbox 1191 1390 1244 1464; x_wconf 90' lang='lat' dir='ltr'><strong>tui</strong></span> <span class='ocrx_word' id='word_1_77' title='bbox 1272 1388 1546 1488; x_wconf 78' lang='lat' dir='ltr'><strong>patriarchatus</strong></span> <span class='ocrx_word' id='word_1_78' title='bbox 1584 1395 1715 1466; x_wconf 88' lang='lat' dir='ltr'><strong>contra</strong></span> 
     </span>
     <span class='ocr_line' id='line_1_12' title="bbox 384 1507 1825 1616; baseline -0.003 -28"><span class='ocrx_word' id='word_1_79' title='bbox 384 1513 485 1616; x_wconf 89' lang='lat' dir='ltr'><strong>ipsas</strong></span> <span class='ocrx_word' id='word_1_80' title='bbox 513 1507 795 1586; x_wconf 85' lang='lat' dir='ltr'><strong>constitutiones</strong></span> <span class='ocrx_word' id='word_1_81' title='bbox 823 1511 861 1581; x_wconf 89' lang='lat' dir='ltr'><strong>et</strong></span> <span class='ocrx_word' id='word_1_82' title='bbox 889 1507 1061 1582; x_wconf 88' lang='lat' dir='ltr'><strong>mandata</strong></span> <span class='ocrx_word' id='word_1_83' title='bbox 1083 1509 1216 1583; x_wconf 91' lang='lat' dir='ltr'><strong>Nostra</strong></span> <span class='ocrx_word' id='word_1_84' title='bbox 1234 1531 1479 1601; x_wconf 82' lang='lat' dir='ltr'><strong>commovere,</strong></span> <span class='ocrx_word' id='word_1_85' title='bbox 1503 1514 1542 1585; x_wconf 93' lang='lat' dir='ltr'><strong>et</strong></span> <span class='ocrx_word' id='word_1_86' title='bbox 1569 1509 1607 1585; x_wconf 91' lang='lat' dir='ltr'><strong>iu</strong></span> <span class='ocrx_word' id='word_1_87' title='bbox 1628 1513 1714 1586; x_wconf 88' lang='lat' dir='ltr'><strong>tuas</strong></span> <span class='ocrx_word' id='word_1_88' title='bbox 1824 1509 1825 1516; x_wconf 73' lang='grc'>’</span> 
     </span>
     <span class='ocr_line' id='line_1_13' title="bbox 386 1625 1715 1731; baseline -0.003 -23"><span class='ocrx_word' id='word_1_89' title='bbox 386 1635 509 1731; x_wconf 84' lang='lat' dir='ltr'><strong>partes</strong></span> <span class='ocrx_word' id='word_1_90' title='bbox 535 1626 685 1705; x_wconf 90' lang='lat' dir='ltr'><strong>trahere</strong></span> <span class='ocrx_word' id='word_1_91' title='bbox 715 1625 875 1703; x_wconf 88' lang='lat' dir='ltr'><strong>voluisti.</strong></span> <span class='ocrx_word' id='word_1_92' title='bbox 909 1626 1009 1702; x_wconf 88' lang='lat' dir='ltr'><strong>lstud</strong></span> <span class='ocrx_word' id='word_1_93' title='bbox 1046 1626 1266 1703; x_wconf 89' lang='lat' dir='ltr'><strong>confirmant</strong></span> <span class='ocrx_word' id='word_1_94' title='bbox 1301 1627 1455 1704; x_wconf 88' lang='lat' dir='ltr'><strong>dicteria</strong></span> <span class='ocrx_word' id='word_1_95' title='bbox 1489 1627 1715 1705; x_wconf 90' lang='lat' dir='ltr'><strong>calumniose</strong></span> 
     </span>
     <span class='ocr_line' id='line_1_14' title="bbox 384 1746 1825 1851; baseline -0.001 -23"><span class='ocrx_word' id='word_1_96' title='bbox 384 1753 512 1829; x_wconf 87' lang='lat' dir='ltr'><strong>contra</strong></span> <span class='ocrx_word' id='word_1_97' title='bbox 541 1747 793 1824; x_wconf 89' lang='lat' dir='ltr'><strong>missionarios</strong></span> <span class='ocrx_word' id='word_1_98' title='bbox 822 1746 1043 1846; x_wconf 90' lang='lat' dir='ltr'><strong>apostolicos</strong></span> <span class='ocrx_word' id='word_1_99' title='bbox 1070 1746 1263 1847; x_wconf 89' lang='lat' dir='ltr'><strong>ipsumque</strong></span> <span class='ocrx_word' id='word_1_100' title='bbox 1293 1748 1510 1851; x_wconf 83' lang='lat' dir='ltr'><strong>Delegatum</strong></span> <span class='ocrx_word' id='word_1_101' title='bbox 1537 1753 1712 1828; x_wconf 89' lang='lat' dir='ltr'><strong>Nostrum</strong></span> <span class='ocrx_word' id='word_1_102' title='bbox 1824 1763 1825 1766; x_wconf 76' lang='grc'>’</span> 
     </span>
     <span class='ocr_line' id='line_1_15' title="bbox 388 1865 1715 1974; baseline -0.001 -27"><span class='ocrx_word' id='word_1_103' title='bbox 388 1873 485 1947; x_wconf 91' lang='lat' dir='ltr'><strong>Ven.</strong></span> <span class='ocrx_word' id='word_1_104' title='bbox 508 1869 677 1945; x_wconf 82' lang='lat' dir='ltr'><strong>Fratrem</strong></span> <span class='ocrx_word' id='word_1_105' title='bbox 697 1865 927 1944; x_wconf 89' lang='lat' dir='ltr'><strong>Ludovicum</strong></span> <span class='ocrx_word' id='word_1_106' title='bbox 941 1865 1271 1969; x_wconf 88' lang='lat' dir='ltr'><strong>Archiepiscopum</strong></span> <span class='ocrx_word' id='word_1_107' title='bbox 1288 1868 1498 1946; x_wconf 88' lang='lat' dir='ltr'><strong>Damiaten.</strong></span> <span class='ocrx_word' id='word_1_108' title='bbox 1522 1871 1560 1947; x_wconf 94' lang='lat' dir='ltr'><strong>in</strong></span> <span class='ocrx_word' id='word_1_109' title='bbox 1579 1870 1715 1974; x_wconf 81' lang='lat' dir='ltr'><strong>vulgus</strong></span> 
     </span>
     <span class='ocr_line' id='line_1_16' title="bbox 387 1986 1825 2092; baseline 0.001 -26"><span class='ocrx_word' id='word_1_110' title='bbox 387 2013 545 2091; x_wconf 88' lang='lat' dir='ltr'><strong>sparsa;</strong></span> <span class='ocrx_word' id='word_1_111' title='bbox 575 1987 1022 2088; x_wconf 87' lang='lat' dir='ltr'><strong>coufirmatcuraquam</strong></span> <span class='ocrx_word' id='word_1_112' title='bbox 1051 1992 1137 2062; x_wconf 90' lang='lat' dir='ltr'><strong>ate</strong></span> <span class='ocrx_word' id='word_1_113' title='bbox 1183 1986 1348 2063; x_wconf 91' lang='lat' dir='ltr'><strong>adbiberi</strong></span> <span class='ocrx_word' id='word_1_114' title='bbox 1394 1988 1634 2092; x_wconf 88' lang='lat' dir='ltr'><strong>accepimus,</strong></span> <span class='ocrx_word' id='word_1_115' title='bbox 1669 2015 1716 2067; x_wconf 88' lang='lat' dir='ltr'><strong>ne</strong></span> <span class='ocrx_word' id='word_1_116' title='bbox 1824 2079 1825 2084; x_wconf 7' lang='grc' dir='ltr'>η</span> 
     </span>
     <span class='ocr_line' id='line_1_17' title="bbox 385 2109 1825 2216; baseline -0.001 -26"><span class='ocrx_word' id='word_1_117' title='bbox 385 2113 510 2192; x_wconf 83' lang='lat' dir='ltr'><strong>fideles</strong></span> <span class='ocrx_word' id='word_1_118' title='bbox 538 2118 577 2190; x_wconf 88' lang='lat' dir='ltr'><strong>st</strong></span> <span class='ocrx_word' id='word_1_119' title='bbox 603 2111 784 2214; x_wconf 88' lang='lat' dir='ltr'><strong>imprimis</strong></span> <span class='ocrx_word' id='word_1_120' title='bbox 812 2110 930 2188; x_wconf 86' lang='lat' dir='ltr'><strong>clerus</strong></span> <span class='ocrx_word' id='word_1_121' title='bbox 958 2134 1045 2188; x_wconf 90' lang='lat' dir='ltr'><strong>cum</strong></span> <span class='ocrx_word' id='word_1_122' title='bbox 1074 2109 1320 2186; x_wconf 85' lang='lat' dir='ltr'><strong>missionariis</strong></span> <span class='ocrx_word' id='word_1_123' title='bbox 1343 2118 1548 2206; x_wconf 88' lang='lat' dir='ltr'><strong>versentur,</strong></span> <span class='ocrx_word' id='word_1_124' title='bbox 1565 2137 1714 2190; x_wconf 77' lang='lat' dir='ltr'><strong>eorum-</strong></span> <span class='ocrx_word' id='word_1_125' title='bbox 1824 2193 1825 2216; x_wconf 13' lang='grc' dir='ltr'>χ</span> 
     </span>
     <span class='ocr_line' id='line_1_18' title="bbox 389 2227 1716 2339; baseline -0.001 -27"><span class='ocrx_word' id='word_1_126' title='bbox 389 2260 461 2339; x_wconf 89' lang='lat' dir='ltr'><strong>que</strong></span> <span class='ocrx_word' id='word_1_127' title='bbox 490 2259 569 2336; x_wconf 90' lang='lat' dir='ltr'><strong>ope,</strong></span> <span class='ocrx_word' id='word_1_128' title='bbox 602 2229 770 2323; x_wconf 88' lang='lat' dir='ltr'><strong>consilio,</strong></span> <span class='ocrx_word' id='word_1_129' title='bbox 804 2229 1011 2307; x_wconf 86' lang='lat' dir='ltr'><strong>ministerio</strong></span> <span class='ocrx_word' id='word_1_130' title='bbox 1039 2227 1224 2318; x_wconf 78' lang='lat' dir='ltr'><strong>fruantur,</strong></span> <span class='ocrx_word' id='word_1_131' title='bbox 1250 2231 1434 2306; x_wconf 80' lang='lat' dir='ltr'><strong>intentato</strong></span> <span class='ocrx_word' id='word_1_132' title='bbox 1462 2231 1573 2308; x_wconf 87' lang='lat' dir='ltr'><strong>etiam</strong></span> <span class='ocrx_word' id='word_1_133' title='bbox 1595 2257 1659 2334; x_wconf 89' lang='lat' dir='ltr'><strong>per</strong></span> <span class='ocrx_word' id='word_1_134' title='bbox 1678 2237 1716 2310; x_wconf 88' lang='lat' dir='ltr'><strong>te</strong></span> 
     </span>
    </p>
   </div>
   <div class='ocr_carea' id='block_1_4' title="bbox 390 2349 1825 2452">
    <p class='ocr_par' dir='ltr' id='par_1_5' title="bbox 390 2349 1825 2452">
     <span class='ocr_line' id='line_1_19' title="bbox 390 2349 1825 2452; baseline -0.001 -20"><span class='ocrx_word' id='word_1_135' title='bbox 390 2377 627 2432; x_wconf 88' lang='lat' dir='ltr'><strong>censurarum</strong></span> <span class='ocrx_word' id='word_1_136' title='bbox 659 2356 757 2428; x_wconf 90' lang='lat' dir='ltr'><strong>metu</strong></span> <span class='ocrx_word' id='word_1_137' title='bbox 785 2373 851 2452; x_wconf 91' lang='lat' dir='ltr'><strong>pro</strong></span> <span class='ocrx_word' id='word_1_138' title='bbox 880 2351 925 2424; x_wconf 91' lang='lat' dir='ltr'><strong>iis</strong></span> <span class='ocrx_word' id='word_1_139' title='bbox 953 2349 1018 2450; x_wconf 89' lang='lat' dir='ltr'><strong>qui</strong></span> <span class='ocrx_word' id='word_1_140' title='bbox 1046 2349 1089 2422; x_wconf 91' lang='lat' dir='ltr'><strong>ad</strong></span> <span class='ocrx_word' id='word_1_141' title='bbox 1138 2373 1198 2424; x_wconf 92' lang='lat' dir='ltr'><strong>eos</strong></span> <span class='ocrx_word' id='word_1_142' title='bbox 1239 2351 1492 2439; x_wconf 84' lang='lat' dir='ltr'><strong>accesserint;</strong></span> <span class='ocrx_word' id='word_1_143' title='bbox 1523 2353 1718 2431; x_wconf 87' lang='lat' dir='ltr'><strong>confirmat</strong></span> <span class='ocrx_word' id='word_1_144' title='bbox 1824 2427 1825 2430; x_wconf 13' lang='lat' dir='ltr'><strong>i</strong></span> 
     </span>
    </p>
   </div>
   <div class='ocr_carea' id='block_1_5' title="bbox 388 2468 1825 4014">
    <p class='ocr_par' dir='ltr' id='par_1_6' title="bbox 388 2468 1723 3412">
     <span class='ocr_line' id='line_1_20' title="bbox 391 2468 1720 2574; baseline -0.004 -21"><span class='ocrx_word' id='word_1_145' title='bbox 391 2479 534 2554; x_wconf 90' lang='lat' dir='ltr'><strong>demum</strong></span> <span class='ocrx_word' id='word_1_146' title='bbox 565 2472 750 2548; x_wconf 85' lang='lat' dir='ltr'><strong>concitata</strong></span> <span class='ocrx_word' id='word_1_147' title='bbox 777 2471 816 2547; x_wconf 92' lang='lat' dir='ltr'><strong>iu</strong></span> <span class='ocrx_word' id='word_1_148' title='bbox 845 2468 944 2571; x_wconf 90' lang='lat' dir='ltr'><strong>ipsos</strong></span> <span class='ocrx_word' id='word_1_149' title='bbox 963 2470 1104 2545; x_wconf 87' lang='lat' dir='ltr'><strong>invidia</strong></span> <span class='ocrx_word' id='word_1_150' title='bbox 1122 2469 1463 2570; x_wconf 86' lang='lat' dir='ltr'><strong>civilispotestatis.</strong></span> <span class='ocrx_word' id='word_1_151' title='bbox 1488 2472 1592 2548; x_wconf 89' lang='lat' dir='ltr'><strong>cuius</strong></span> <span class='ocrx_word' id='word_1_152' title='bbox 1609 2497 1720 2574; x_wconf 85' lang='lat' dir='ltr'><strong>prae-</strong></span> 
     </span>
     <span class='ocr_line' id='line_1_21' title="bbox 390 2589 1721 2693; baseline 0 -22"><span class='ocrx_word' id='word_1_153' title='bbox 390 2596 523 2674; x_wconf 92' lang='lat' dir='ltr'><strong>sidium</strong></span> <span class='ocrx_word' id='word_1_154' title='bbox 554 2595 748 2668; x_wconf 88' lang='lat' dir='ltr'><strong>adversum</strong></span> <span class='ocrx_word' id='word_1_155' title='bbox 779 2589 1013 2691; x_wconf 82' lang='lat' dir='ltr'><strong>Apostolicae</strong></span> <span class='ocrx_word' id='word_1_156' title='bbox 1041 2591 1144 2667; x_wconf 85' lang='lat' dir='ltr'><strong>Sedis</strong></span> <span class='ocrx_word' id='word_1_157' title='bbox 1166 2591 1339 2665; x_wconf 86' lang='lat' dir='ltr'><strong>mandata</strong></span> <span class='ocrx_word' id='word_1_158' title='bbox 1359 2597 1396 2667; x_wconf 88' lang='lat' dir='ltr'><strong>et</strong></span> <span class='ocrx_word' id='word_1_159' title='bbox 1415 2615 1602 2684; x_wconf 90' lang='lat' dir='ltr'><strong>censuras,</strong></span> <span class='ocrx_word' id='word_1_160' title='bbox 1626 2618 1721 2693; x_wconf 87' lang='lat' dir='ltr'><strong>quas</strong></span> 
     </span>
     <span class='ocr_line' id='line_1_22' title="bbox 388 2709 1713 2818; baseline -0.002 -26"><span class='ocrx_word' id='word_1_161' title='bbox 388 2723 425 2793; x_wconf 91' lang='lat' dir='ltr'><strong>te</strong></span> <span class='ocrx_word' id='word_1_162' title='bbox 455 2713 697 2818; x_wconf 83' lang='lat' dir='ltr'><strong>promeruisse</strong></span> <span class='ocrx_word' id='word_1_163' title='bbox 725 2713 851 2804; x_wconf 91' lang='lat' dir='ltr'><strong>sentis,</strong></span> <span class='ocrx_word' id='word_1_164' title='bbox 886 2711 1018 2788; x_wconf 88' lang='lat' dir='ltr'><strong>diceris</strong></span> <span class='ocrx_word' id='word_1_165' title='bbox 1047 2710 1250 2786; x_wconf 89' lang='lat' dir='ltr'><strong>invocasse.</strong></span> <span class='ocrx_word' id='word_1_166' title='bbox 1282 2709 1349 2784; x_wconf 89' lang='lat' dir='ltr'><strong>His</strong></span> <span class='ocrx_word' id='word_1_167' title='bbox 1388 2711 1501 2788; x_wconf 88' lang='lat' dir='ltr'><strong>veluti</strong></span> <span class='ocrx_word' id='word_1_168' title='bbox 1544 2713 1713 2789; x_wconf 89' lang='lat' dir='ltr'><strong>cumulus</strong></span> 
     </span>
     <span class='ocr_line' id='line_1_23' title="bbox 391 2829 1718 2933; baseline -0.004 -22"><span class='ocrx_word' id='word_1_169' title='bbox 391 2833 545 2911; x_wconf 88' lang='lat' dir='ltr'><strong>accessit</strong></span> <span class='ocrx_word' id='word_1_170' title='bbox 573 2833 689 2908; x_wconf 87' lang='lat' dir='ltr'><strong>altera</strong></span> <span class='ocrx_word' id='word_1_171' title='bbox 717 2831 969 2933; x_wconf 90' lang='lat' dir='ltr'><strong>episcoporum</strong></span> <span class='ocrx_word' id='word_1_172' title='bbox 999 2829 1141 2906; x_wconf 85' lang='lat' dir='ltr'><strong>nefaria</strong></span> <span class='ocrx_word' id='word_1_173' title='bbox 1160 2831 1406 2922; x_wconf 89' lang='lat' dir='ltr'><strong>consecratio,</strong></span> <span class='ocrx_word' id='word_1_174' title='bbox 1424 2855 1581 2933; x_wconf 89' lang='lat' dir='ltr'><strong>quorum</strong></span> <span class='ocrx_word' id='word_1_175' title='bbox 1602 2857 1718 2908; x_wconf 90' lang='lat' dir='ltr'><strong>unum</strong></span> 
     </span>
     <span class='ocr_line' id='line_1_24' title="bbox 389 2948 1720 3051; baseline -0.002 -21"><span class='ocrx_word' id='word_1_176' title='bbox 389 2951 576 3030; x_wconf 81' lang='lat' dir='ltr'><strong>Zalurensi</strong></span> <span class='ocrx_word' id='word_1_177' title='bbox 604 2951 776 3038; x_wconf 84' lang='lat' dir='ltr'><strong>dioecesi,</strong></span> <span class='ocrx_word' id='word_1_178' title='bbox 796 2949 951 3024; x_wconf 87' lang='lat' dir='ltr'><strong>alterum</strong></span> <span class='ocrx_word' id='word_1_179' title='bbox 972 2949 1070 3024; x_wconf 86' lang='lat' dir='ltr'><strong>ludis</strong></span> <span class='ocrx_word' id='word_1_180' title='bbox 1090 2948 1299 3024; x_wconf 88' lang='lat' dir='ltr'><strong>destinasti:</strong></span> <span class='ocrx_word' id='word_1_181' title='bbox 1325 2973 1390 3050; x_wconf 94' lang='lat' dir='ltr'><strong>per</strong></span> <span class='ocrx_word' id='word_1_182' title='bbox 1407 2973 1516 3051; x_wconf 91' lang='lat' dir='ltr'><strong>quem</strong></span> <span class='ocrx_word' id='word_1_183' title='bbox 1536 2974 1578 3025; x_wconf 92' lang='lat' dir='ltr'><strong>eo</strong></span> <span class='ocrx_word' id='word_1_184' title='bbox 1599 2951 1720 3027; x_wconf 86' lang='lat' dir='ltr'><strong>maius</strong></span> 
     </span>
     <span class='ocr_line' id='line_1_25' title="bbox 390 3068 1723 3170; baseline -0.003 -21"><span class='ocrx_word' id='word_1_185' title='bbox 390 3071 601 3150; x_wconf 88' lang='lat' dir='ltr'><strong>scandalum</strong></span> <span class='ocrx_word' id='word_1_186' title='bbox 631 3071 797 3146; x_wconf 85' lang='lat' dir='ltr'><strong>fidelibus</strong></span> <span class='ocrx_word' id='word_1_187' title='bbox 825 3071 950 3143; x_wconf 89' lang='lat' dir='ltr'><strong>datum</strong></span> <span class='ocrx_word' id='word_1_188' title='bbox 981 3073 1050 3157; x_wconf 91' lang='lat' dir='ltr'><strong>est,</strong></span> <span class='ocrx_word' id='word_1_189' title='bbox 1083 3091 1154 3168; x_wconf 91' lang='lat' dir='ltr'><strong>quo</strong></span> <span class='ocrx_word' id='word_1_190' title='bbox 1184 3068 1313 3144; x_wconf 78' lang='lat' dir='ltr'><strong>uraiori</strong></span> <span class='ocrx_word' id='word_1_191' title='bbox 1343 3069 1441 3144; x_wconf 93' lang='lat' dir='ltr'><strong>illam</strong></span> <span class='ocrx_word' id='word_1_192' title='bbox 1471 3076 1653 3170; x_wconf 86' lang='lat' dir='ltr'><strong>apparatu</strong></span> <span class='ocrx_word' id='word_1_193' title='bbox 1681 3075 1723 3145; x_wconf 90' lang='lat' dir='ltr'><strong>et</strong></span> 
     </span>
     <span class='ocr_line' id='line_1_26' title="bbox 391 3186 1720 3290; baseline -0.003 -23"><span class='ocrx_word' id='word_1_194' title='bbox 391 3191 625 3267; x_wconf 86' lang='lat' dir='ltr'><strong>solemnitate</strong></span> <span class='ocrx_word' id='word_1_195' title='bbox 654 3189 692 3265; x_wconf 92' lang='lat' dir='ltr'><strong>iu</strong></span> <span class='ocrx_word' id='word_1_196' title='bbox 721 3193 971 3290; x_wconf 86' lang='lat' dir='ltr'><strong>contemptum</strong></span> <span class='ocrx_word' id='word_1_197' title='bbox 1011 3186 1123 3263; x_wconf 88' lang='lat' dir='ltr'><strong>buius</strong></span> <span class='ocrx_word' id='word_1_198' title='bbox 1165 3187 1400 3289; x_wconf 84' lang='lat' dir='ltr'><strong>Apostolicae</strong></span> <span class='ocrx_word' id='word_1_199' title='bbox 1433 3188 1537 3265; x_wconf 88' lang='lat' dir='ltr'><strong>Sedis</strong></span> <span class='ocrx_word' id='word_1_200' title='bbox 1579 3187 1720 3265; x_wconf 88' lang='lat' dir='ltr'><strong>factam</strong></span> 
     </span>
     <span class='ocr_line' id='line_1_27' title="bbox 392 3317 675 3412; baseline -0.004 -28"><span class='ocrx_word' id='word_1_201' title='bbox 392 3317 675 3412; x_wconf 63' lang='lat' dir='ltr'><strong>mmmmmm.</strong></span> 
     </span>
    </p>

    <p class='ocr_par' dir='ltr' id='par_1_7' title="bbox 391 3426 1825 4014">
     <span class='ocr_line' id='line_1_28' title="bbox 476 3426 1722 3530; baseline 0.005 -30"><span class='ocrx_word' id='word_1_202' title='bbox 476 3459 493 3500; x_wconf 84' lang='lat'><em>›</em></span> <span class='ocrx_word' id='word_1_203' title='bbox 525 3430 625 3505; x_wconf 91' lang='lat' dir='ltr'><strong>Haec</strong></span> <span class='ocrx_word' id='word_1_204' title='bbox 653 3433 741 3504; x_wconf 89' lang='lat' dir='ltr'><strong>sunt</strong></span> <span class='ocrx_word' id='word_1_205' title='bbox 769 3430 863 3504; x_wconf 91' lang='lat' dir='ltr'><strong>Ven.</strong></span> <span class='ocrx_word' id='word_1_206' title='bbox 893 3427 1040 3520; x_wconf 82' lang='lat' dir='ltr'><strong>Frater,</strong></span> <span class='ocrx_word' id='word_1_207' title='bbox 1070 3439 1112 3502; x_wconf 88' lang='lat' dir='ltr'><strong>ut</strong></span> <span class='ocrx_word' id='word_1_208' title='bbox 1152 3426 1226 3504; x_wconf 86' lang='lat' dir='ltr'><strong>alia</strong></span> <span class='ocrx_word' id='word_1_209' title='bbox 1270 3428 1515 3520; x_wconf 87' lang='lat' dir='ltr'><strong>omittamus,</strong></span> <span class='ocrx_word' id='word_1_210' title='bbox 1547 3453 1643 3530; x_wconf 88' lang='lat' dir='ltr'><strong>quae</strong></span> <span class='ocrx_word' id='word_1_211' title='bbox 1681 3430 1722 3506; x_wconf 86' lang='lat' dir='ltr'><strong>te</strong></span> 
     </span>
     <span class='ocr_line' id='line_1_29' title="bbox 391 3544 1722 3646; baseline 0 -24"><span class='ocrx_word' id='word_1_212' title='bbox 391 3554 540 3622; x_wconf 89' lang='lat' dir='ltr'><strong>auctore</strong></span> <span class='ocrx_word' id='word_1_213' title='bbox 568 3547 606 3621; x_wconf 93' lang='lat' dir='ltr'><strong>in</strong></span> <span class='ocrx_word' id='word_1_214' title='bbox 636 3545 842 3622; x_wconf 88' lang='lat' dir='ltr'><strong>Malabaria</strong></span> <span class='ocrx_word' id='word_1_215' title='bbox 870 3552 907 3621; x_wconf 92' lang='lat' dir='ltr'><strong>et</strong></span> <span class='ocrx_word' id='word_1_216' title='bbox 935 3544 972 3621; x_wconf 90' lang='lat' dir='ltr'><strong>in</strong></span> <span class='ocrx_word' id='word_1_217' title='bbox 1001 3545 1267 3646; x_wconf 89' lang='lat' dir='ltr'><strong>Mesopotamia</strong></span> <span class='ocrx_word' id='word_1_218' title='bbox 1313 3553 1516 3622; x_wconf 86' lang='lat' dir='ltr'><strong>evenerunt</strong></span> <span class='ocrx_word' id='word_1_219' title='bbox 1552 3552 1591 3623; x_wconf 92' lang='lat' dir='ltr'><strong>et</strong></span> <span class='ocrx_word' id='word_1_220' title='bbox 1635 3571 1722 3622; x_wconf 89' lang='lat' dir='ltr'><strong>eve-</strong></span> 
     </span>
     <span class='ocr_line' id='line_1_30' title="bbox 394 3653 1825 3770; baseline -0.001 -25"><span class='ocrx_word' id='word_1_221' title='bbox 394 3667 522 3745; x_wconf 90' lang='lat' dir='ltr'><strong>niunt:</strong></span> <span class='ocrx_word' id='word_1_222' title='bbox 555 3691 709 3768; x_wconf 88' lang='lat' dir='ltr'><strong>quorum</strong></span> <span class='ocrx_word' id='word_1_223' title='bbox 740 3691 805 3768; x_wconf 93' lang='lat' dir='ltr'><strong>pro</strong></span> <span class='ocrx_word' id='word_1_224' title='bbox 835 3670 970 3744; x_wconf 91' lang='lat' dir='ltr'><strong>Nostro</strong></span> <span class='ocrx_word' id='word_1_225' title='bbox 1000 3692 1151 3744; x_wconf 89' lang='lat' dir='ltr'><strong>munere</strong></span> <span class='ocrx_word' id='word_1_226' title='bbox 1178 3694 1200 3742; x_wconf 88' lang='lat' dir='ltr'><strong>a</strong></span> <span class='ocrx_word' id='word_1_227' title='bbox 1227 3673 1266 3743; x_wconf 90' lang='lat' dir='ltr'><strong>te</strong></span> <span class='ocrx_word' id='word_1_228' title='bbox 1295 3669 1476 3746; x_wconf 87' lang='lat' dir='ltr'><strong>rationem</strong></span> <span class='ocrx_word' id='word_1_229' title='bbox 1494 3669 1642 3770; x_wconf 82' lang='lat' dir='ltr'><strong>exigere</strong></span> <span class='ocrx_word' id='word_1_230' title='bbox 1660 3692 1725 3744; x_wconf 91' lang='lat' dir='ltr'><strong>co-</strong></span> <span class='ocrx_word' id='word_1_231' title='bbox 1824 3653 1825 3660; x_wconf 8' lang='grc' dir='ltr'>ἵ</span> 
     </span>
     <span class='ocr_line' id='line_1_31' title="bbox 392 3788 1724 3891; baseline 0.002 -28"><span class='ocrx_word' id='word_1_232' title='bbox 392 3789 526 3888; x_wconf 61' lang='lat' dir='ltr'><strong>primur,</strong></span> <span class='ocrx_word' id='word_1_233' title='bbox 562 3788 622 3889; x_wconf 92' lang='lat' dir='ltr'><strong>qui</strong></span> <span class='ocrx_word' id='word_1_234' title='bbox 652 3788 759 3890; x_wconf 77' lang='lat' dir='ltr'><strong>longe</strong></span> <span class='ocrx_word' id='word_1_235' title='bbox 786 3789 994 3891; x_wconf 80' lang='lat' dir='ltr'><strong>graviorem</strong></span> <span class='ocrx_word' id='word_1_236' title='bbox 1024 3790 1230 3864; x_wconf 86' lang='lat' dir='ltr'><strong>redditurus</strong></span> <span class='ocrx_word' id='word_1_237' title='bbox 1258 3813 1296 3863; x_wconf 89' lang='lat' dir='ltr'><strong>es</strong></span> <span class='ocrx_word' id='word_1_238' title='bbox 1343 3796 1494 3866; x_wconf 86' lang='lat' dir='ltr'><strong>aeterno</strong></span> <span class='ocrx_word' id='word_1_239' title='bbox 1531 3792 1724 3891; x_wconf 88' lang='lat' dir='ltr'><strong>pastorum</strong></span> 
     </span>
     <span class='ocr_line' id='line_1_32' title="bbox 396 3909 1825 4014; baseline 0 -28"><span class='ocrx_word' id='word_1_240' title='bbox 396 3909 578 4014; x_wconf 89' lang='lat' dir='ltr'><strong>Principi.</strong></span> <span class='ocrx_word' id='word_1_241' title='bbox 610 3914 749 3988; x_wconf 87' lang='lat' dir='ltr'><strong>Verum</strong></span> <span class='ocrx_word' id='word_1_242' title='bbox 779 3915 818 3987; x_wconf 89' lang='lat' dir='ltr'><strong>te</strong></span> <span class='ocrx_word' id='word_1_243' title='bbox 839 3913 911 3987; x_wconf 86' lang='lat' dir='ltr'><strong>ista</strong></span> <span class='ocrx_word' id='word_1_244' title='bbox 929 3935 1003 3987; x_wconf 92' lang='lat' dir='ltr'><strong>non</strong></span> <span class='ocrx_word' id='word_1_245' title='bbox 1025 3911 1243 4011; x_wconf 78' lang='lat' dir='ltr'><strong>recogitare,</strong></span> <span class='ocrx_word' id='word_1_246' title='bbox 1266 3910 1360 3985; x_wconf 86' lang='lat' dir='ltr'><strong>forte</strong></span> <span class='ocrx_word' id='word_1_247' title='bbox 1380 3911 1492 3986; x_wconf 90' lang='lat' dir='ltr'><strong>etiam</strong></span> <span class='ocrx_word' id='word_1_248' title='bbox 1513 3923 1726 3988; x_wconf 87' lang='lat' dir='ltr'><strong>contemne-</strong></span> <span class='ocrx_word' id='word_1_249' title='bbox 1824 3939 1825 3946; x_wconf 50' lang='lat'>¹</span> 
     </span>
    </p>
   </div>
   <div class='ocr_carea' id='block_1_6' title="bbox 396 4027 1825 4121">
    <p class='ocr_par' dir='ltr' id='par_1_8' title="bbox 396 4027 1825 4121">
     <span class='ocr_line' id='line_1_33' title="bbox 396 4027 1825 4121; baseline -0.001 -16"><span class='ocrx_word' id='word_1_250' title='bbox 396 4054 450 4121; x_wconf 91' lang='lat' dir='ltr'><strong>re,</strong></span> <span class='ocrx_word' id='word_1_251' title='bbox 482 4030 616 4106; x_wconf 88' lang='lat' dir='ltr'><strong>timere</strong></span> <span class='ocrx_word' id='word_1_252' title='bbox 644 4032 770 4106; x_wconf 92' lang='lat' dir='ltr'><strong>iubent</strong></span> <span class='ocrx_word' id='word_1_253' title='bbox 801 4037 1021 4106; x_wconf 84' lang='lat' dir='ltr'><strong>uremuratae</strong></span> <span class='ocrx_word' id='word_1_254' title='bbox 1052 4038 1137 4104; x_wconf 88' lang='lat' dir='ltr'><strong>tuae</strong></span> <span class='ocrx_word' id='word_1_255' title='bbox 1165 4028 1312 4104; x_wconf 86' lang='lat' dir='ltr'><strong>litterae</strong></span> <span class='ocrx_word' id='word_1_256' title='bbox 1341 4031 1386 4104; x_wconf 90' lang='lat' dir='ltr'><strong>ad</strong></span> <span class='ocrx_word' id='word_1_257' title='bbox 1414 4031 1590 4105; x_wconf 88' lang='lat' dir='ltr'><strong>Nostram</strong></span> <span class='ocrx_word' id='word_1_258' title='bbox 1627 4027 1727 4106; x_wconf 83' lang='lat' dir='ltr'><strong>oon-</strong></span> <span class='ocrx_word' id='word_1_259' title='bbox 1773 4099 1775 4102; x_wconf 88' lang='lat'>.</span> <span class='ocrx_word' id='word_1_260' title='bbox 1824 4047 1825 4054; x_wconf 75' lang='grc'>’</span> 
     </span>
    </p>
   </div>
   <div class='ocr_carea' id='block_1_7' title="bbox 398 4151 1825 4619">
    <p class='ocr_par' dir='ltr' id='par_1_9' title="bbox 398 4151 1825 4619">
     <span class='ocr_line' id='line_1_34' title="bbox 398 4151 1727 4255; baseline -0.002 -27"><span class='ocrx_word' id='word_1_261' title='bbox 398 4154 652 4255; x_wconf 81' lang='lat' dir='ltr'><strong>gregationem</strong></span> <span class='ocrx_word' id='word_1_262' title='bbox 673 4156 714 4229; x_wconf 89' lang='lat' dir='ltr'><strong>de</strong></span> <span class='ocrx_word' id='word_1_263' title='bbox 735 4153 982 4255; x_wconf 78' lang='lat' dir='ltr'><strong>Propaganda</strong></span> <span class='ocrx_word' id='word_1_264' title='bbox 1004 4153 1100 4240; x_wconf 78' lang='lat' dir='ltr'><strong>uiue,</strong></span> <span class='ocrx_word' id='word_1_265' title='bbox 1124 4152 1260 4253; x_wconf 88' lang='lat' dir='ltr'><strong>quibus</strong></span> <span class='ocrx_word' id='word_1_266' title='bbox 1280 4151 1528 4228; x_wconf 90' lang='lat' dir='ltr'><strong>innocentiam</strong></span> <span class='ocrx_word' id='word_1_267' title='bbox 1545 4157 1647 4228; x_wconf 84' lang='lat' dir='ltr'><strong>tuam</strong></span> <span class='ocrx_word' id='word_1_268' title='bbox 1662 4154 1727 4228; x_wconf 88' lang='lat' dir='ltr'><strong>de-</strong></span> 
     </span>
     <span class='ocr_line' id='line_1_35' title="bbox 399 4271 1825 4380; baseline -0.002 -34"><span class='ocrx_word' id='word_1_269' title='bbox 399 4279 602 4352; x_wconf 87' lang='lat' dir='ltr'><strong>monstrare</strong></span> <span class='ocrx_word' id='word_1_270' title='bbox 617 4274 819 4364; x_wconf 83' lang='lat' dir='ltr'><strong>contendis,</strong></span> <span class='ocrx_word' id='word_1_271' title='bbox 840 4273 945 4348; x_wconf 85' lang='lat' dir='ltr'><strong>fldem</strong></span> <span class='ocrx_word' id='word_1_272' title='bbox 963 4278 1064 4347; x_wconf 86' lang='lat' dir='ltr'><strong>tuam</strong></span> <span class='ocrx_word' id='word_1_273' title='bbox 1085 4275 1126 4345; x_wconf 87' lang='lat' dir='ltr'><strong>de</strong></span> <span class='ocrx_word' id='word_1_274' title='bbox 1147 4271 1335 4371; x_wconf 78' lang='lat' dir='ltr'><strong>pontificio</strong></span> <span class='ocrx_word' id='word_1_275' title='bbox 1354 4271 1516 4372; x_wconf 87' lang='lat' dir='ltr'><strong>primatu</strong></span> <span class='ocrx_word' id='word_1_276' title='bbox 1535 4295 1719 4363; x_wconf 87' lang='lat' dir='ltr'><strong>asserens,</strong></span> <span class='ocrx_word' id='word_1_277' title='bbox 1824 4295 1825 4380; x_wconf 10' lang='lat' dir='ltr'><strong>p</strong></span> 
     </span>
     <span class='ocr_line' id='line_1_36' title="bbox 400 4381 1825 4496; baseline -0.003 -27"><span class='ocrx_word' id='word_1_278' title='bbox 400 4399 439 4469; x_wconf 88' lang='lat' dir='ltr'><strong>et</strong></span> <span class='ocrx_word' id='word_1_279' title='bbox 466 4401 684 4496; x_wconf 83' lang='lat' dir='ltr'><strong>argumenta</strong></span> <span class='ocrx_word' id='word_1_280' title='bbox 713 4396 891 4471; x_wconf 77' lang='lat' dir='ltr'><strong>adducens</strong></span> <span class='ocrx_word' id='word_1_281' title='bbox 920 4395 964 4468; x_wconf 91' lang='lat' dir='ltr'><strong>ad</strong></span> <span class='ocrx_word' id='word_1_282' title='bbox 996 4401 1188 4491; x_wconf 82' lang='lat' dir='ltr'><strong>praetensa</strong></span> <span class='ocrx_word' id='word_1_283' title='bbox 1209 4399 1273 4466; x_wconf 89' lang='lat' dir='ltr'><strong>tua</strong></span> <span class='ocrx_word' id='word_1_284' title='bbox 1292 4391 1374 4467; x_wconf 85' lang='lat' dir='ltr'><strong>iura</strong></span> <span class='ocrx_word' id='word_1_285' title='bbox 1392 4393 1492 4471; x_wconf 86' lang='lat' dir='ltr'><strong>circa</strong></span> <span class='ocrx_word' id='word_1_286' title='bbox 1510 4389 1725 4466; x_wconf 89' lang='lat' dir='ltr'><strong>electionem</strong></span> <span class='ocrx_word' id='word_1_287' title='bbox 1824 4381 1825 4422; x_wconf 73' lang='lat'>³</span> 
     </span>
     <span class='ocr_line' id='line_1_37' title="bbox 402 4510 1680 4619; baseline -0.002 -32"><span class='ocrx_word' id='word_1_288' title='bbox 402 4521 668 4619; x_wconf 87' lang='lat' dir='ltr'><strong>episcoporum,</strong></span> <span class='ocrx_word' id='word_1_289' title='bbox 703 4519 740 4590; x_wconf 89' lang='lat' dir='ltr'><strong>et</strong></span> <span class='ocrx_word' id='word_1_290' title='bbox 769 4515 865 4590; x_wconf 85' lang='lat' dir='ltr'><strong>circa</strong></span> <span class='ocrx_word' id='word_1_291' title='bbox 893 4513 1061 4610; x_wconf 75' lang='lat' dir='ltr'><strong>regiones</strong></span> <span class='ocrx_word' id='word_1_292' title='bbox 1105 4510 1351 4588; x_wconf 83' lang='lat' dir='ltr'><strong>llalabarioas</strong></span> <span class='ocrx_word' id='word_1_293' title='bbox 1392 4511 1680 4594; x_wconf 79' lang='lat' dir='ltr'><strong>comprobanda.</strong></span> 
     </span>
    </p>
   </div>
   <div class='ocr_carea' id='block_1_8' title="bbox 0 0 1860 5210">
    <p class='ocr_par' dir='ltr' id='par_1_10' title="bbox 0 0 1860 5210">
     <span class='ocr_line' id='line_1_38' title="bbox 0 0 1860 5210; baseline 0 0"><span class='ocrx_word' id='word_1_294' title='bbox 0 0 1860 5210; x_wconf 95' lang='lat' dir='ltr'><strong> </strong></span> 
     </span>
    </p>
   </div>
  </div>
 </body>
</html>
