3674 5210
615 221 760 274 toleratu
786 223 964 277 audienda
1437 208 1477 281 33

145 331 360 419 teneamus,
392 347 439 402 ue
468 321 629 402 ulterius
656 327 896 428 ilpostolicae
924 329 1010 406 huic
1039 330 1123 404 Sedi
1153 330 1359 432 populoque
1378 331 1478 407 chri-

143 445 270 522 stiano
308 443 449 522 illudat
482 445 751 524 blandimentis
788 449 1012 541 verborum;
1050 474 1097 525 ue
1133 451 1319 527 catholica
1355 452 1478 528 nobis-

143 589 239 666 cum·
259 565 523 642 communione
552 591 591 642 se
619 566 719 644 tueri
746 567 856 658 velit,
888 568 952 668 qui
970 572 1103 644 contra
1122 569 1198 646 Nos
1218 573 1291 661 est,
1313 573 1353 646 et
1371 596 1478 648 man-

143 669 236 764 data
263 686 426 765 Petrum
454 685 749 788 transgreditur.
782 687 923 764 Idcirco
942 689 1010 766 has
1029 688 1239 790 encyclicas
1258 689 1408 768 litteras
1431 691 1477 768 ed

143 831 226 902 vos,
260 807 507 884 Venerabiles
535 807 705 899 Fratres,
736 806 847 884 etad
876 809 1073 886 universos
1101 812 1141 886 et
1166 809 1337 911 singulos
1356 811 1477 890 vestri

146 929 243 1005 ritus
272 929 401 1007 fideles
429 928 571 1006 dandas
598 928 917 1024 existimavimus,
948 935 993 1007 ut
1021 955 1153 1008 verum
1182 914 1322 1008 rerum*
1332 933 1476 1010 statum

146 1050 268 1126 edocti
297 1050 441 1139 sciatis,
472 1073 725 1151 quaecumque
753 1075 775 1126 a
803 1055 931 1126 vestro
964 1050 1186 1128 Petriarcha
1212 1050 1396 1128 hactenus
1417 1051 1477 1130 uti

147 1195 260 1274 supra
287 1173 397 1274 gesta
423 1173 513 1248 sunt
540 1173 581 1246 et
608 1174 794 1271 geruntur
820 1170 1012 1248 contraria
1038 1195 1190 1273 prorsus
1217 1195 1298 1248 esse
1327 1171 1477 1248 Nostris

145 1296 182 1367 et
210 1291 327 1369 lunius
355 1291 595 1396 Apostolicae
622 1290 727 1366 Sedis
755 1290 914 1368 decretis
942 1295 981 1367 et
1007 1292 1325 1385 costitutionibns3
1361 1315 1477 1393 eaque

144 1411 275 1488 omnia
302 1436 326 1487 a
353 1411 468 1488 Nobis
496 1410 600 1486 reiici
630 1433 672 1486 ao
700 1411 908 1512 reprobari:
930 1411 1083 1513 proinde
1101 1435 1170 1488 vos
1189 1436 1307 1513 neque
1329 1412 1474 1507 debere,

142 1531 261 1606 immo
289 1555 338 1608 ne
362 1555 472 1635 posse
500 1530 672 1631 quidem,
703 1527 822 1605 eidem
851 1530 996 1607 obedire
1024 1532 1064 1609 in
1093 1530 1176 1625 his,
1214 1557 1309 1633 quae
1344 1536 1478 1609 contra

142 1650 309 1728 Nostrae
337 1652 377 1726 et·
403 1637 569 1726 eiusdem
597 1649 837 1752 Apostolicae
865 1649 971 1746 Sedis
989 1649 1244 1729 ordinationes
1272 1653 1477 1756 contigerit

142 1769 209 1848 vel
227 1769 431 1873 contingat
449 1771 493 1848 ab
511 1793 555 1846 eo
573 1769 756 1846 mandari.
782 1770 924 1847 Cavete
943 1796 990 1847 ne
1008 1771 1246 1874 decipiamini
1266 1773 1373 1850 falsis
1388 1800 1479 1851 nar·-

141 1896 357 1974 rationibus
389 1899 429 1974 et
463 1895 707 1972 calumniosrs
738 1895 906 1974 dicteriis
938 1920 1032 1998 quae
1063 1897 1247 1976 invidiose
1280 1899 1477 1976 circumfe-

142 2022 316 2111 rnntnr3
357 2016 511 2120 perinde
543 2041 585 2093 ac
619 2017 651 2092 si
688 2016 734 2093 de
766 2016 966 2093 ritualibus
1004 2017 1068 2094 vel
1104 2018 1380 2115 nationalibus,
1418 2022 1475 2098 uti

143 2142 272 2235 aiunt,
291 2140 571 2242 quaestionibus
585 2144 784 2221 tractetur.
800 2141 944 2242 Agitur
957 2142 1074 2236 eninr,
1092 2143 1190 2218 Veu.
1205 2145 1358 2220 Fratres
1369 2170 1411 2221 ac
1421 2145 1479 2219 di-

142 2261 237 2339 lecti
255 2262 341 2356 filii,
364 2261 493 2363 agitur
511 2261 555 2335 de
573 2260 782 2338 obedientia
800 2261 1037 2363 Apostolicae
1057 2261 1162 2339 Sedis
1179 2263 1401 2364 praestanda
1414 2263 1476 2340 vel

142 2380 335 2484 neganda,
353 2381 535 2483 agiturde
549 2381 784 2483 agnoscenda
798 2395 972 2484 suprema
985 2385 1065 2460 eius
1081 2387 1267 2485 potestate
1285 2384 1321 2459 iu
1338 2385 1476 2459 vestris

142 2503 265 2580 etiam
293 2501 476 2578 Ecclesiis
504 2501 640 2578 nedum
668 2499 789 2602 quoad
816 2501 950 2596 fidem,
982 2527 1112 2578 verum
1147 2507 1186 2577 et
1214 2503 1331 2602 quoad
1366 2503 1478 2579 disci-

143 2623 312 2726 plinam:
342 2646 453 2723 quam
481 2622 545 2724 qui
573 2622 785 2724 negaverit,
817 2621 1029 2700 haereticus
1057 2628 1129 2714 est3
1161 2623 1223 2722 qui
1252 2647 1342 2698 v-ro
1361 2649 1478 2724 agno-

144 2745 271 2836 verit,
302 2743 409 2844 eique
435 2742 580 2819 obedire
609 2743 883 2819 contumaciter
911 2741 1115 2834 detrectet,
1146 2741 1387 2817 anathemate
1420 2741 1477 2816 di-

143 2888 247 2962 gnus
275 2869 349 2941 est.
380 2861 418 2938 Si
447 2863 530 2962 quis
559 2861 685 2965 itaque
712 2887 839 2940 rerum
867 2867 1011 2939 statum
1039 2862 1151 2938 aliter
1170 2887 1209 2936 se
1234 2862 1367 2937 habere
1395 2863 1477 2937 exi-

144 2983 325 3076 stimans,
343 3009 365 3058 a
381 2986 483 3058 recto
497 2983 650 3057 tramite
666 2983 910 3077 aberraverit,
928 2983 1146 3084 resipiscere
1161 2981 1330 3057 festinet:
1349 3005 1476 3058 omncs

148 3128 239 3179 vero
268 3103 301 3180 si
328 3129 386 3196 ea,
417 3128 490 3204 qua
518 3103 574 3177 uti
602 3101 750 3197 debent,
781 3129 873 3204 erga
891 3128 999 3180 sumn
1020 3101 1283 3179 Patriarcham
1306 3101 1478 3177 afficiun-

148 3233 214 3300 tur
241 3225 390 3300 sincera
417 3221 624 3316 charitate,
655 3221 765 3300 illum
793 3223 839 3298 ad
867 3225 1000 3300 bonam
1029 3221 1177 3323 frugem
1206 3245 1382 3297 revocare
1418 3246 1478 3295 oo-

148 3349 292 3420 uentur
310 3343 392 3418 sive
411 3341 585 3435 moltitie,
608 3342 689 3417 sive
709 3342 985 3419 hortationibus
1004 3344 1086 3418 sive
1104 3341 1264 3418 assiduis
1283 3339 1326 3416 ad
1357 3341 1476 3416 Deum

149 3463 246 3538 susis
274 3462 459 3566 precibus,
491 3467 603 3564 prout
621 3461 822 3562 unicuique
842 3462 1026 3538 Dominus
1044 3460 1201 3536 dederit.
1224 3461 1324 3536 Haec
1351 3461 1478 3536 omnia

149 3591 194 3658 ut
223 3583 331 3676 fiant,
363 3583 484 3660 adhuc
513 3583 765 3684 quadraginta
791 3581 870 3658 dies
897 3580 1189 3684 expectabimus,
1226 3583 1402 3682 rogantes
1439 3587 1478 3654 et

150 3703 228 3779 Nos
256 3701 377 3780 Deum
405 3729 490 3780 cum
519 3702 735 3806 gemitibus
767 3727 813 3777 ne
842 3702 1040 3778 induretur
1067 3726 1130 3776 eor
1149 3702 1243 3794 cius,
1265 3700 1327 3775 sed
1348 3698 1478 3776 audiat

150 3847 251 3900 nunc
268 3824 418 3900 demum
437 3849 567 3901 vocem
586 3825 780 3915 Nostram,
801 3827 841 3899 et
859 3822 905 3899 ad
927 3849 1018 3899 sana
1037 3822 1195 3899 consilia
1213 3823 1475 3910 convertatur,

148 3967 265 4044 eaque
278 3944 425 4020 ratione
440 3968 546 4020 suam
566 3968 726 4044 suaeque
745 3943 869 4044 gentis
890 3967 1018 4020 veram
1035 3950 1070 4019 ut
1082 3943 1255 4036 litatem,
1273 3963 1478 4041 verumque

149 4065 287 4140 bonum
307 4068 497 4165 procuret.
519 4063 625 4152 Quod
644 4063 676 4138 si
695 4064 833 4165 elapsis
852 4063 1101 4164 quadraginta
1119 4061 1259 4154 diebuS,
1283 4065 1477 4162 postquam

151 4184 222 4259 hae
250 4183 402 4261 litterae
430 4183 470 4259 in
498 4186 579 4260 eius
607 4209 740 4260 manus
769 4184 1004 4277 devenerint,
1027 4184 1105 4284 ipse
1125 4184 1353 4283 perseveret,
1383 4180 1477 4280 quod

153 4304 254 4382 Deus
282 4307 448 4396 avertat,
480 4306 520 4382 in
549 4330 617 4381 sua
644 4305 881 4380 contumacia
908 4307 946 4378 et
975 4300 1240 4395 inobedientia,
1271 4303 1311 4376 et
1342 4304 1479 4375 cuncta

154 4449 248 4524 quae
266 4451 290 4500 a
308 4424 423 4500 Nobis
443 4425 620 4500 mandata
639 4429 747 4516 sunt,
772 4447 881 4524 opere
902 4446 975 4500 non
994 4421 1169 4525 impleat,
1193 4417 1300 4498 nulla
1317 4418 1478 4521 amplius

154 4545 379 4647 interposita
407 4569 510 4620 mora
538 4545 637 4620 ferre
664 4567 840 4644 cogentur
870 4542 908 4618 in
935 4566 1020 4618 eum
1048 4541 1290 4634 senteutiam,
1313 4540 1478 4616 vionius

248 4679 322 4728 Acta
345 4677 418 4726 Tem.
441 4676 474 4736 X,
487 4675 563 4740 fasc.
587 4675 663 4727 011.
1369 4673 1386 4720 ⁸
