3642 5232
383 367 439 512 [t
483 371 517 512 8.
563 371 922 512 tottdtsstddtt
967 373 1160 512 cottidi

690 737 858 793 *ἥθ’*

423 1021 577 1099 OlROA
608 1019 927 1098 PATRIMONIA
957 1017 1125 1096 saban

272 1249 333 1310 Die
354 1249 376 1306 8
401 1248 486 1307 latii
512 1246 596 1306 1877

194 1767 439 1848 marsuam
459 1794 578 1846 racrr.
602 1766 823 1847 Ordinarius
844 1771 888 1846 P.
912 1771 1008 1870 apud
1032 1769 1191 1844 Venetas
1210 1767 1433 1868 provincias,

131 1889 239 1966 retulit
268 1915 346 1966 mos
374 1914 453 1968 esse
482 1892 520 1967 in
550 1915 618 1967 sua
648 1891 824 1974 Dioecesi,
860 1892 940 1989 post
973 1889 1164 1965 hominurn
1205 1884 1433 1978 memoriam,

129 2011 285 2087 maiorem
318 2013 384 2092 SS.
417 2011 722 2114 patrimoniorum
766 2017 906 2115 partem
951 2009 1188 2112 obligationis
1231 2007 1435 2084 ministerio

128 2135 303 2212 constitui.
338 2138 508 2212 Persona
535 2137 632 2213 enim
653 2142 720 2213 aut
741 2136 936 2236 sanguinis
955 2141 1019 2210 aut
1047 2135 1231 2212 amicitiae
1259 2131 1435 2234 ligamine

128 2253 295 2341 devincta,
326 2253 470 2332 Clerico
497 2279 520 2332 a
546 2257 604 2332 die
635 2281 709 2357 qua
742 2257 785 2330 ad
822 2257 1114 2334 Snbdiaconatus
1149 2256 1313 2334 ordinem
1351 2279 1438 2332 con-

128 2376 282 2450 scendere
310 2375 479 2468 debebat,
512 2373 716 2452 libellarem
746 2377 820 2451 vim
850 2373 929 2452 260
957 2376 1052 2454 sacri
1081 2374 1296 2478 patrimonii
1328 2374 1437 2450 titulo

129 2515 160 2566 se
184 2493 257 2570 lore
285 2495 489 2572 soluturum
519 2497 731 2597 spondebat,
765 2496 880 2573 donec
907 2497 1174 2598 provideretur.
1209 2496 1279 2571 Vir
1308 2500 1433 2572 antem

130 2615 374 2712 patrimonium
395 2618 627 2693 constituens
655 2617 752 2694 ultro
781 2615 995 2723 indulgebat
1015 2617 1160 2696 Olerico
1180 2623 1219 2693 ut
1240 2615 1320 2691 eius
1343 2617 1436 2692 bona

129 2733 312 2812 inmobilia
341 2736 572 2837 hypothecae
602 2736 755 2812 vinculis
784 2737 943 2813 obnoxia
973 2737 1150 2814 redderet.

194 2858 365 2934 Attamen
393 2855 683 2958 hypothecariae
712 2857 964 2958 inscriptionis
991 2861 1158 2958 systema
1193 2855 1275 2954 lege
1313 2851 1438 2932 italica

128 2977 359 3053 modificatum
389 2975 461 3053 fuit
480 3001 577 3054 anno
601 2974 717 3067 tarn
739 2981 776 3053 et
794 3001 861 3080 ope
881 2977 991 3080 Regii
1012 2979 1159 3054 Decreti
1182 2978 1269 3054 utile
1291 2985 1435 3079 tempus

126 3097 161 3170 ad
188 3123 317 3174 annum
352 3095 455 3175 1874
481 3101 696 3198 productum
728 3095 797 3172 fuit
824 3100 866 3173 ad
906 3097 942 3175 id
982 3101 1023 3175 ut
1060 3123 1186 3174 omnes
1223 3111 1260 3174 et
1298 3099 1435 3200 singuli

125 3215 210 3291 cives
237 3217 467 3318 hypothecae
494 3218 637 3295 iuribus
667 3217 844 3319 pollentes
873 3219 990 3320 legem
1023 3219 1231 3320 implerent.

191 3333 410 3419 Ordinarius
438 3343 483 3418 P.
516 3345 676 3420 Litteras
704 3343 749 3418 ad
777 3368 883 3420 suurn
913 3343 1050 3420 clerum
1078 3345 1189 3437 dedit,
1232 3369 1306 3446 qua
1344 3346 1437 3421 Pre-

123 3465 276 3566 sbytems
311 3468 488 3542 interesse
527 3465 715 3560 habentes,
756 3461 795 3540 et
833 3467 1004 3568 precipue
1042 3465 1124 3542 illos
1163 3468 1224 3568 qui
1267 3468 1435 3542 urethodo

123 3583 273 3682 praelata
300 3610 445 3660 sacrum
473 3588 573 3664 nacti
608 3585 767 3662 luissent
800 3583 1063 3688 patrimonium
1098 3582 1364 3662 exhortabatur
1394 3594 1437 3660 ut

122 3703 365 3808 inscriptiones
393 3703 692 3808 hypothecariae,
717 3732 759 3782 ea
778 3705 986 3807 diligentia,
1010 3731 1085 3806 qua
1113 3730 1179 3807 par
1206 3712 1289 3781 erat
1316 3709 1436 3782 denuo

120 3821 340 3910 inchoarent,
373 3823 481 3901 iuxta
509 3825 651 3901 italicas
681 3824 793 3926 leges.

166 3945 428 4022 Verumtamen
459 3945 624 4021 nonnulli
656 3947 869 4024 Sacerdotes
897 3946 975 4022 sive
1010 3947 1177 4022 socordia
1212 3943 1290 4020 sive
1328 3945 1433 4048 igno-

121 4067 230 4140 rantia
255 4066 346 4143 utile
379 4075 525 4168 tempus
564 4066 795 4166 inscriptioni
827 4069 1086 4166 praestitutum
1117 4065 1210 4142 elabi
1248 4066 1431 4156 siverunt3

124 4182 200 4261 binc
227 4213 351 4264 eorum
381 4189 481 4265 reale
512 4187 570 4264 ius
607 4187 778 4264 effectum
810 4187 1105 4268 succederunt.
1145 4189 1291 4267 Caeteri
1330 4211 1431 4279 veru,

125 4302 204 4382 duce
243 4307 470 4410 ignorantia,
510 4311 669 4410 ipsamet
708 4309 854 4409 pmedia
890 4309 929 4385 in
968 4311 1179 4412 patrimonii
1218 4310 1319 4386 Sacri
1360 4308 1433 4384 vim

127 4429 223 4522 atque
248 4429 482 4504 securitatem
512 4426 734 4530 hypothecis
762 4437 933 4530 gravata¹
955 4433 1021 4506 aut
1058 4433 1176 4532 pretio
1205 4431 1431 4518 alienarunt,

129 4551 184 4618 aut
208 4549 413 4625 eorumdem
445 4549 689 4626 venditionem
721 4560 839 4652 ratam
857 4551 1044 4646 habuere,
1077 4554 1215 4656 eoquod
1243 4552 1298 4630 vel
1322 4552 1433 4632 bono-
