3674 5210
699 287 864 338 nosocomo
1420 271 1461 336 so

129 383 255 459 motus
283 388 322 460 et
348 407 528 488 generosa
556 383 677 460 studia
704 411 799 485 quae
827 389 957 488 sponte
983 385 1145 462 excitata
1171 383 1283 463 latius
1318 384 1357 463 in
1386 387 1463 462 dies

131 513 390 606 propagantur
418 503 517 581 inter
536 511 667 608 gentes
685 505 795 580 etiam
816 505 1093 596 remotissimas
1118 507 1161 581 nt
1179 507 1341 584 Romani
1361 508 1460 584 Pon·

129 623 299 700 tiflcatus
326 632 364 700 et
392 624 615 702 humilitatis
645 625 802 700 Nostrae
831 649 978 700 oausam
1008 626 1222 726 suscipiant,
1240 624 1458 727 dignitatem

129 748 324 822 tueantur.
356 743 541 820 Liberalia
568 743 732 821 subsidia
760 768 853 844 quae
882 744 1056 820 exomni
1085 748 1268 821 terrarum
1291 751 1395 846 parte
1416 747 1464 828 ad,

130 867 207 941 Nos
248 866 476 966 perveniunt
508 870 550 941 ut
584 864 800 966 urgentibus
838 864 1118 940 necessitatibus
1156 863 1313 941 Sanctae
1350 865 1462 942 huius

133 983 238 1062 Sedis
265 985 546 1086 prospiciamus
578 988 617 1060 et
644 982 853 1085 frequentia
880 989 935 1059 tot
964 981 1119 1060 liliorum
1148 989 1356 1060 nostrorum
1396 985 1460 1083 qui

134 1103 175 1178 ad
203 1101 278 1178 has
306 1105 509 1181 Vaticanas
537 1106 645 1181 aedes
672 1127 717 1180 ex
745 1105 844 1181 ouini
873 1112 983 1206 gente
1024 1103 1216 1180 confluunt
1242 1109 1285 1180 ut
1325 1103 1459 1180 risibili

131 1222 320 1301 Ecclesiae
347 1224 459 1324 capiti
478 1224 646 1300 devotam
676 1224 905 1300 voluntatem
935 1247 1037 1299 suam
1058 1228 1254 1307 testentur,
1278 1223 1475 1300 eiusmodi·

131 1345 292 1447 pignora
332 1344 542 1420 animorum
578 1340 746 1421 fidelium
777 1355 891 1437 sunt,
932 1368 997 1445 pro
1030 1345 1162 1443 quibus
1199 1368 1309 1446 pares
1350 1368 1461 1443 agere

131 1465 275 1566 gratias
302 1463 449 1540 divinae
476 1463 636 1540 bonitati
663 1467 813 1540 omniuo
842 1489 1081 1566 nequeamus.
1114 1464 1300 1541 Vellemus
1337 1465 1460 1542 tamen

132 1587 175 1660 ab
203 1582 379 1662 omnibus
407 1583 577 1684 intelligi,
602 1585 698 1684 qnod
726 1584 900 1661 salutaris
918 1585 1129 1661 documenti
1159 1586 1239 1661 loco
1267 1589 1376 1674 esset,
1402 1585 1461 1659 in-

129 1705 262 1779 timam
290 1704 366 1778 vim
394 1711 432 1778 et
450 1701 756 1804 significationem
778 1729 899 1783 veram
922 1705 1256 1806 peregrinationum
1286 1705 1455 1798 istarum,

130 1846 223 1924 quas
249 1820 324 1900 hoc
350 1833 514 1923 tempore
543 1824 670 1900 erebro
698 1824 823 1900 iterari
852 1825 1126 1926 videmusque
1153 1824 1346 1902 Nonianus
1363 1825 1459 1902 Pon·

128 1943 295 2019 tificatus
321 1941 553 2019 teterrimum
593 1940 728 2018 bellum
765 1944 969 2046 experitur.
1002 1943 1150 2021 Scilicet
1178 1943 1260 2020 illae
1302 1968 1374 2019 non
1416 1968 1474 2022 eo·

130 2062 257 2140 valent
286 2070 431 2139 tantum
460 2069 504 2138 ut
531 2087 693 2140 arborem
723 2071 760 2139 et
788 2065 1058 2141 observantiam
1101 2063 1263 2142 fidelium
1303 2067 1461 2166 prodant

130 2208 220 2286 erga
246 2182 498 2260 humilitatem
526 2183 715 2273 Nostram,
746 2185 808 2259 sed
837 2182 1074 2290 manifestum
1092 2184 1267 2286 praebent
1287 2183 1460 2258 indicium

130 2303 391 2380 sollicitudinis
411 2307 449 2379 et
466 2301 694 2380 anxietatum
713 2328 808 2405 quae
827 2326 952 2380 eorum
973 2303 1083 2379 eorda
1109 2305 1340 2405 perturbant,
1364 2305 1460 2403 quod

129 2425 338 2500 communis
366 2424 509 2500 Parens
538 2424 578 2499 in
605 2425 771 2500 abnormi
793 2447 944 2524 prorsus
963 2449 1007 2502 ac
1025 2424 1228 2525 incongrua
1251 2423 1460 2500 conditione

128 2547 317 2620 versatur.
347 2544 476 2644 Neque
503 2541 595 2619 haec
623 2545 792 2620 anxietas
812 2549 849 2620 et
878 2541 1083 2620 sollicitudo
1110 2543 1353 2643 conquiescet,
1385 2544 1460 2619 imo

126 2666 314 2763 augeatur
341 2666 500 2764 oportet,
523 2665 639 2740 donec
666 2665 704 2740 in
732 2665 999 2766 possessionem
1031 2664 1159 2764 plenae
1187 2669 1224 2738 et
1243 2689 1330 2740 vere
1348 2665 1460 2742 libcr-

125 2783 217 2860 tatis
247 2782 384 2858 Pastor
412 2781 606 2858 universae
634 2781 823 2860 Ecclesiae
852 2783 1085 2858 restituatur.

210 2905 357 2979 interea
384 2899 479 2978 nihil
513 2901 631 3004 magis
669 2907 841 3004 optamus
880 2901 1120 2979 Venerabiles
1160 2900 1312 2976 Fratres
1349 2925 1459 3000 quam

126 3026 171 3100 nt
196 3045 308 3097 voces
335 3026 484 3097 nostrae
512 3045 559 3096 ex
588 3023 656 3096 hoc
684 3019 865 3122 parietum
895 3027 999 3123 septo
1027 3021 1071 3096 ad
1101 3021 1250 3098 ultimos
1277 3029 1458 3096 terrarum

126 3141 220 3218 fines
249 3144 424 3233 manent,
459 3145 500 3215 ut
527 3139 641 3216 totius
676 3141 775 3215 orbis
809 3139 975 3218 fidelibus
1012 3165 1079 3243 pro
1116 3140 1321 3217 illustribus
1367 3165 1461 3241 quae

126 3263 365 3339 continenter
391 3259 462 3362 ipsi
491 3259 667 3336 exhibent
694 3259 819 3336 filialis
846 3260 1052 3337 dilectionis
1079 3265 1119 3350 et
1147 3261 1309 3361 obsequi
1350 3284 1461 3360 argu·

127 3385 292 3472 mentis),
325 3403 456 3456 sensus
492 3378 696 3480 gratissimi
726 3379 840 3456 animi
882 3380 997 3456 nostri
1046 3383 1245 3454 testentur.
1281 3377 1462 3480 Optamus

126 3503 228 3578 enim
259 3502 305 3576 iis
332 3497 474 3601 gratias
503 3523 611 3597 agere
640 3499 795 3600 propia
823 3498 1070 3590 liberalitate,
1103 3523 1176 3598 qua
1203 3499 1314 3574 etiam
1346 3499 1462 3574 inter-

126 3622 214 3696 dum
242 3615 474 3697 difficultatis
502 3641 626 3692 rerum
643 3641 793 3692 suarum
814 3618 917 3694 obliti
939 3618 1052 3694 Nobis
1079 3618 1321 3718 opitulantur,
1346 3643 1463 3719 agno-

126 3741 274 3815 scentes
302 3739 378 3812 Deo
405 3735 532 3812 offerri
560 3735 733 3836 quidquid
762 3735 947 3813 Ecclesiae
975 3737 1167 3825 tribuitur,
1195 3735 1374 3838 gratulari
1396 3760 1462 3838 pro

129 3855 440 3959 magnanimitate
468 3863 506 3931 et
533 3857 705 3948 virtute,
738 3881 812 3956 qua
849 3855 1043 3958 impiorum
1085 3856 1159 3931 iras
1196 3861 1231 3930 et
1270 3855 1462 3933 irrisiones

128 3973 360 4076 despiciunt,
393 3973 541 4073 Nosque
570 3971 615 4048 iis
642 3973 831 4048 devinctos
859 3971 1024 4075 profiteri
1062 3997 1127 4074 pro
1165 3973 1358 4050 alacritate
1387 4000 1459 4075 qua

128 4091 421 4195 significationes
449 4091 505 4166 sui
534 4093 671 4166 artioris
699 4091 815 4168 Nobis
856 4091 986 4168 offerre
1023 4093 1175 4168 student
1203 4095 1245 4168 ad
1275 4092 1461 4170 celebrari--

128 4215 211 4290 darn
240 4211 536 4289 anniversariam
566 4211 637 4286 diei
666 4210 765 4287 illius
795 4214 1032 4303 memoriam,
1064 4238 1136 4313 quo
1165 4221 1250 4288 ante
1279 4215 1461 4314 qoinqua-

126 4336 234 4434 ginta
261 4355 379 4408 annos
406 4329 638 4434 Episcopalis
672 4333 959 4408 consecrationis
998 4357 1154 4421 liranus,
1187 4333 1274 4408 licet
1318 4333 1460 4433 indigni

128 4453 371 4553 suscepimus
404 4453 478 4530 Nec
506 4451 626 4526 minus
656 4450 770 4528 Nobis
799 4453 832 4527 m
873 4453 969 4528 votis
998 4459 1078 4542 est,
1114 4458 1153 4528 ut
1187 4479 1313 4529 omnes
1350 4455 1460 4529 etiam

131 4571 382 4647 ecclesiarum
410 4594 502 4670 quae
529 4568 603 4645 late
630 4595 697 4671 per
716 4571 841 4644 orbem
861 4570 1014 4646 diffusae
1035 4585 1120 4647 sunt
1139 4573 1328 4664 Pastores,
1356 4597 1460 4646 voces
