3622 5240
595 1056 886 1140 DECRE'I‘UM

161 1371 257 1448 Orrod
286 1397 309 1448 a
337 1369 467 1470 priscis
495 1371 686 1450 Ecclesiae
713 1376 945 1476 temporibus
975 1401 1119 1479 semper
1138 1375 1210 1454 fuit
1229 1377 1267 1456 in
1287 1404 1402 1474 more,

102 1499 130 1566 ut
150 1493 442 1568 chrtsntidelibus
471 1498 574 1568 certa
602 1499 874 1594 proponeretur
902 1520 945 1572 ac
965 1497 1209 1574 determinata
1228 1497 1399 1593 formula,

100 1639 155 1712 qua
178 1612 286 1688 fidem
316 1612 590 1712 profiterentur,
624 1621 733 1716 atque
762 1613 1029 1694 invalescentes
1058 1617 1237 1717 cuiusque
1271 1621 1404 1696 aetatis

100 1731 248 1808 haereses
267 1730 481 1807 solemniter
500 1733 969 1835 detestarentur,idipsum,
992 1741 1228 1812 sacrosancta
1246 1739 1405 1817 Triden-

97 1853 160 1926 tiua
185 1851 329 1952 Syncdo
363 1849 520 1926 feliciter
556 1849 736 1939 absoluta,
779 1853 965 1953 sapienter
1004 1856 1192 1953 praestitit
1229 1857 1404 1934 Summus

98 1969 251 2046 Pontifex
282 1967 374 2044 Pius
402 1969 468 2062 IV,
500 1969 563 2070 qui
592 1967 895 2046 Tridentinorum
927 1973 1081 2048 Petrum
1103 1974 1247 2050 decreta
1269 1975 1403 2050 incun-

96 2097 221 2165 ctanter
248 2089 383 2188 exequi
412 2111 626 2190 properans,
660 2089 759 2163 edita
789 2091 907 2166 idibus
937 2091 1157 2167 Novembris
1185 2091 1287 2168 1564
1305 2095 1404 2172 Con·

94 2212 269 2288 stitutione
298 2211 522 2287 iniunctum
550 2209 691 2292 Nobis,
712 2208 867 2286 formam
897 2213 1136 2289 concinnavit
1165 2211 1403 2313 professionis

94 2330 164 2404 fidei
194 2332 421 2407 recitandam
464 2331 509 2402 ab
550 2330 611 2422 iis,
656 2329 721 2428 qui
758 2327 1031 2405 cathedralibus
1072 2337 1108 2404 et
1150 2331 1403 2428 superioribus

92 2448 252 2525 Ecclesiis
280 2447 514 2550 praeficiendi
544 2445 679 2539 forent,
712 2443 825 2548 quive
853 2446 997 2523 illarum
1036 2448 1249 2550 dignitates,
1291 2474 1400 2526 cano·

93 2570 237 2660 nicetus,
285 2568 431 2668 aliaque
473 2567 650 2643 beneficia
691 2567 940 2644 ecclesiastiea
981 2593 1233 2668 quaecumque
1275 2595 1401 2646 curam

90 2691 284 2764 eniorarnm
313 2686 500 2764 habentia
517 2695 639 2764 essent
667 2689 917 2776 consecuturi,
948 2701 985 2762 et
1013 2688 1058 2763 ab
1089 2690 1258 2764 omnibus
1300 2687 1395 2779 aliis,

89 2811 125 2878 ad
151 2833 240 2906 quos
268 2825 315 2881 ex
344 2805 499 2880 decretis
527 2805 645 2906 ipsius
672 2803 833 2884 Ocncilii
862 2811 1016 2906 spectat:
1054 2829 1120 2881 nec
1158 2829 1231 2882 non
1274 2805 1320 2883 ab
1356 2805 1403 2882 iis

89 2951 170 3022 quos
197 2927 238 3000 de
268 2925 511 3012 monasteriis,
543 2926 800 3017 conventibus,
831 2924 1014 3014 domibus
1058 2933 1094 3002 et
1132 2925 1213 3002 aliis
1249 2925 1402 3026 quibus·

90 3068 232 3146 cumque
259 3045 349 3122 locis
379 3044 603 3146 regularium
631 3068 945 3146 quorumcumque
972 3045 1154 3134 crdinurn,
1187 3044 1301 3121 etiarn
1332 3046 1394 3120 mi

90 3161 255 3256 litorium,
286 3187 517 3264 quocumque
545 3161 694 3238 nominc
722 3163 780 3238 vel
808 3162 918 3238 titulo
947 3163 1130 3264 provideri
1151 3165 1398 3264 contingeret.

90 3281 182 3370 Quod
209 3291 246 3363 et
272 3284 346 3361 alia
373 3285 649 3363 Constitutione
677 3283 776 3360 edita
805 3284 928 3359 eodem
950 3283 1007 3359 die
1027 3295 1124 3360 anno
1153 3283 1324 3384 incipien.
1354 3281 1399 3361 In

90 3415 321 3480 sacrosancta
349 3402 547 3480 salubriter
573 3407 768 3503 praeterea
795 3402 959 3480 extendit
985 3403 1028 3478 ad
1058 3426 1185 3478 omnes
1213 3404 1397 3498 doctores,

90 3523 287 3624 magistros,
315 3527 498 3626 regentes,
530 3520 590 3597 vel
616 3521 708 3599 alios
736 3521 1000 3622 cuiuscumque
1028 3521 1119 3596 artis
1146 3530 1185 3597 et
1212 3521 1402 3600 facultatis

89 3641 310 3740 professores,
344 3643 423 3718 sive
450 3641 600 3718 clericos
628 3641 706 3715 sive
734 3639 862 3731 laicm,
893 3639 951 3714 vel
979 3637 1142 3715 cuiusvis
1171 3641 1314 3716 ordinis
1343 3667 1398 3718 re-

89 3761 228 3861 gularis,
256 3761 483 3862 quibuslibet
510 3761 548 3836 in
577 3759 666 3836 locis
696 3757 837 3859 publice
867 3756 925 3833 vel
949 3757 1123 3859 privatim
1144 3761 1402 3858 quoquomodo

90 3883 316 3978 prolitentes,
351 3903 417 3954 seu
445 3877 620 3954 lectiones
659 3876 805 3976 aliquas
842 3876 1035 3965 habentes,
1076 3876 1134 3952 vel
1169 3883 1397 3972 exercentes,

90 4023 126 4073 ac
151 4001 293 4076 tandem
322 3998 367 4072 ad
396 3995 496 4098 ipsos
522 3997 734 4074 huiusmodi
763 3997 939 4096 gradibus
967 3997 1202 4072 decorandos.

158 4118 227 4195 ianr
260 4143 360 4208 verc,
393 4142 476 4193 cum
505 4119 735 4219 postntodum
777 4117 1018 4192 coadunatum
1057 4114 1168 4191 fuerit
1206 4141 1401 4194 sacrosan·

90 4239 175 4312 ctum
202 4237 409 4318 Concilium
439 4238 675 4325 Vaticanum,
708 4242 746 4310 et
781 4239 869 4311 ante
906 4233 986 4308 eius
1022 4239 1296 4336 suspensionem
1336 4263 1400 4338 per

91 4351 219 4433 Literas
245 4357 481 4458 apostolicas
510 4356 724 4458 Postquam
753 4355 827 4431 Dei
854 4379 1012 4430 manere
1040 4355 1112 4432 diei
1146 4352 1200 4430 20
1231 4353 1400 4432 Octobris

94 4469 183 4549 luto
207 4476 399 4559 indictam,
431 4475 538 4553 binae
567 4476 763 4552 abeodem
795 4477 1007 4551 solemniter
1035 4474 1289 4576 promulgatae
1324 4475 1400 4551 sint.

91 4591 304 4697 dogmaticae
331 4595 638 4689 constitutiones,
674 4593 793 4696 primu
821 4594 961 4672 scilicet
988 4594 1030 4669 de
1060 4595 1146 4669 uide
1185 4591 1393 4687 Catholicis,
