3670 5222
591 277 754 326 manninas
779 273 993 324 rmnrunoms
1394 251 1457 326 tlt

125 371 307 452 monitum
338 371 483 454 Ooncil.
516 371 617 450 Trid.
655 374 758 450 Sese.
790 371 907 450 este
926 377 1086 474 reform.
1111 399 1141 446 a.
1167 369 1207 448 9.
1236 399 1254 445 a
1281 400 1330 450 oco
1353 373 1456 450 mal-

127 502 315 602 tz‘pttcatts
338 496 722 598 praesentationibus
732 521 807 598 per
827 501 1149 597 antr'qatsstrnam
1169 502 1351 598 temporis
1371 521 1458 598 spo-

128 627 240 692 ttam.
265 649 281 684 »
306 621 413 694 Tunc
441 637 529 693 vero
548 613 777 717 potissimum
800 639 843 690 ox
866 613 967 690 hisce
987 615 1349 715 praesentationibus
1366 613 1459 690 haec

127 739 290 840 qualitas
317 737 474 828 eruitur,
506 738 653 837 quando
674 737 778 809 iaxta
797 735 999 812 doctrinam
1022 735 1179 811 Ps‘toati
1208 735 1255 811 de
1287 739 1456 811 controv.

123 870 286 963 patron.
318 859 437 960 alteo.
472 857 574 934 100.
606 881 647 932 a.
682 855 770 933 360
798 855 1072 934 nominationes
1110 858 1264 933 emissae
1284 861 1374 932 sunt
1399 855 1458 931 in-

127 979 225 1053 tuitu
258 978 464 1078 qualitatis
493 976 668 1051 haeredis
690 977 746 1050 oet
773 1000 849 1078 pro
878 986 967 1050 rata
996 977 1245 1052 baereditatis
1257 983 1454 1080 portione.

209 1096 308 1172 Hinc
335 1096 549 1173 Advocatus
565 1096 729 1172 elencum
751 1097 925 1196 praebuit
952 1097 1266 1189 nominationum,
1289 1121 1380 1198 quas
1399 1121 1461 1199 pa·

131 1214 243 1304 troni,
286 1214 443 1290 diversis
472 1215 700 1316 temporibus
715 1263 731 1299 -,
767 1216 991 1316 peregerunt
1036 1220 1219 1314 quatenus
1263 1214 1454 1292 haeredes.

134 1335 255 1424 Qrium
284 1347 410 1412 orator
437 1339 612 1412 naturam
642 1334 875 1410 haereditarii
898 1335 1178 1436 iuspatronatus
1205 1333 1465 1414 constituisset

132 1455 168 1529 in
198 1455 383 1545 themate,
417 1455 605 1530 contendit
634 1455 946 1555 computationem
987 1453 1249 1556 suffragiorum
1291 1455 1345 1531 ita
1381 1477 1462 1533 esse

134 1576 347 1665 ineundam,
381 1579 425 1651 ut
453 1572 705 1676 principaliter
733 1573 776 1649 ad
804 1597 934 1651 ornnes
964 1598 1068 1652 voces
1096 1599 1143 1652 ex
1170 1574 1358 1653 distinctis
1395 1576 1463 1650 sti-

134 1696 271 1797 pitibus
298 1693 511 1770 derivantes
540 1695 766 1795 conrputatio
786 1695 853 1770 fiat
872 1719 911 1771 rn
931 1701 1089 1798 stirpes·
1109 1697 1322 1774 secundarie
1338 1699 1464 1770 autem

135 1815 177 1887 ad
206 1811 397 1914 singulam
422 1833 548 1888 vocem
577 1811 806 1889 conflandam
836 1815 1062 1915 computatio
1090 1815 1158 1892 flat
1176 1816 1215 1891 in
1235 1821 1377 1919 capito.
1406 1815 1465 1890 lta

135 1935 270 2034 quippe
298 1931 540 2008 ratiocinatus
586 1935 657 2008 est.
690 1933 969 2034 luspatronatus
997 1935 1225 2036 estquidam
1255 1935 1299 2010 de
1327 1941 1466 2010 natura

133 2079 199 2129 sua
228 2052 481 2140 individuum;
503 2053 567 2128 ita
596 2058 635 2127 ut
655 2054 761 2152 quasi
782 2055 821 2128 in
850 2054 1023 2132 solidam
1049 2054 1088 2132 in
1118 2049 1281 2155 quolibet
1300 2053 1465 2128 resideat

137 2183 322 2274 patrono:
353 2169 571 2248 exercitium
599 2177 726 2250 tamen
754 2173 871 2274 ipsius
900 2176 1021 2274 potest
1049 2172 1108 2251 vel
1142 2173 1372 2276 aequaliter,
1404 2171 1463 2247 uel

135 2292 360 2396 inequaliter
387 2291 499 2368 dividi
531 2298 633 2366 tator
661 2293 798 2393 plures.
830 2293 885 2368 Da
912 2293 1342 2396 Lucadetarepatroa.
1365 2294 1460 2370 aaa

136 2414 209 2490 61.
241 2437 283 2488 a.
316 2411 359 2488 6.
391 2414 431 2488 et
457 2410 610 2488 Berardi
638 2437 774 2490 comm.
808 2421 888 2491 tar.
920 2415 1009 2491 eccl.
1027 2414 1104 2492 dis.
1123 2413 1165 2490 4.
1185 2442 1217 2490 a.
1239 2413 1282 2490 5.
1305 2413 1464 2502 Quando

137 2535 195 2612 ius
223 2533 441 2612 nominandi
471 2532 639 2608 consistit
667 2533 706 2608 in
739 2534 896 2610 diversis
936 2531 1091 2612 sanriliis
1132 2559 1198 2636 per
1244 2531 1468 2634 multiplices

138 2654 389 2732 successiones
416 2680 439 2728 a
467 2651 582 2729 variis
601 2653 793 2754 stipitibus
812 2651 932 2728 isthoc
949 2653 1009 2731 ius
1028 2654 1163 2756 ipsum,
1186 2655 1265 2730 sive
1284 2655 1363 2730 iure
1383 2677 1470 2729 san·

137 2769 278 2871 guinis,
310 2768 387 2844 sive
416 2768 497 2844 iure
525 2767 776 2860 haereditatis,
809 2768 887 2846 sive
914 2770 987 2847 alio
1015 2769 1146 2870 quovis
1174 2769 1340 2869 legitimo
1359 2767 1468 2844 titulo

139 2889 382 2982 derivantes,
412 2893 502 2963 tunc
528 2888 647 2964 locum
678 2887 790 2965 habet
817 2887 884 2965 illa
924 2888 1058 2990 duplex
1099 2889 1341 2991 computatis
1391 2889 1467 2964 Pro

8 3095 9 3098 Ἴ
139 3012 305 3111 quolibet
323 3034 456 3112 nempe
482 3017 612 3113 stipite
630 3010 727 3088 haud
747 3011 921 3114 amplius,
942 3035 1053 3113 quam
1073 3036 1148 3088 una
1176 3013 1466 3102 contribuatur,

140 3133 192 3208 ita
212 3135 254 3207 ut
272 3154 400 3206 omnes
427 3131 587 3231 patroni,
607 3129 671 3231 qui
698 3155 744 3207 ex
762 3155 806 3208 eo
826 3130 954 3232 stipite
970 3130 1205 3232 proveniunt,
1227 3131 1325 3210 hauc
1344 3154 1470 3208 vocem

141 3256 394 3353 representent
423 3251 711 3341 tantummodo;
741 3256 779 3326 et
805 3255 895 3326 tunc
923 3251 961 3326 in
989 3251 1261 3352 computatione
1304 3253 1469 3329 omnium

141 3397 277 3450 coeam
295 3396 498 3451 concursus
512 3372 632 3452 locum
652 3371 767 3449 habet
794 3373 832 3448 in
851 3379 1007 3474 stirpes.
1026 3370 1147 3460 Quum
1169 3374 1295 3448 autem
1315 3373 1359 3449 de
1379 3398 1472 3473 qua·

8 3483 9 3500 *
140 3491 231 3567 libet
258 3492 464 3593 stapatart
490 3515 578 3568 ooce
604 3493 855 3592 componenda
882 3515 942 3568 res
969 3491 1030 3583 sit,
1056 3496 1146 3569 tunc
1176 3515 1377 3570 concursus
1405 3491 1473 3570 ha

142 3612 203 3688 bet
230 3610 350 3688 locum
380 3613 418 3688 in
446 3620 573 3716 capita
587 3638 605 3704 ,·
633 3612 687 3688 ita
716 3615 769 3702 ut,
802 3611 943 3689 collatis
972 3613 1068 3690 votis
1096 3637 1143 3689 ex
1170 3615 1325 3691 diversis
1345 3618 1472 3716 patro·

142 3731 199 3808 nis
227 3731 275 3808 ab
302 3731 431 3808 eodem
457 3739 586 3834 strptte
613 3733 907 3826 sirccedentibuS,
928 3732 989 3809 ille
1017 3735 1232 3811 nominatus
1250 3759 1381 3812 vocem
1418 3738 1474 3814 in-

142 3854 284 3952 tegram
315 3850 518 3952 possideat,
549 3851 617 3952 qui
645 3849 910 3952 suffragiorum
950 3853 1155 3930 obtinuerit
1191 3853 1467 3955 pluralitatem:
1511 3893 1512 3896 ¹

144 3968 200 4043 ita
227 3966 359 4045 diffusa
388 3993 431 4045 ac
459 3971 629 4071 perdocte
657 3970 771 4046 tradit
798 3970 908 4050 idem.
945 3968 1064 4050 θανά.
1095 3971 1152 4049 De
1180 3973 1282 4050 Luca
1328 3981 1372 4051 ta
1404 3981 1470 4052 ott.

146 4087 240 4163 disc.
273 4087 348 4165 61.
379 4089 425 4164 de
452 4097 532 4166 tur.
557 4101 668 4194 patr.
701 4117 811 4167 nam.
842 4090 886 4167 8.

227 4207 306 4284 Hoc
334 4233 435 4298 vero,
468 4211 564 4311 quod
592 4209 708 4286 relate
738 4213 782 4286 ad
812 4209 1053 4312 principalem
1083 4215 1391 4314 computationem
1434 4214 1474 4292 iu
1516 4229 1517 4232 ’

146 4333 285 4430 stirpes
312 4353 359 4404 ex
388 4335 535 4430 recepta
563 4329 854 4430 iurisprudentia
882 4331 1068 4408 ordinarie
1102 4333 1245 4409 obtinet
1291 4335 1328 4410 iu
1376 4334 1475 4412 iure-

150 4454 365 4544 patronatus
394 4449 656 4550 cuiuscumque
684 4453 861 4538 naturae,
896 4449 1074 4551 peculiari
1102 4451 1182 4527 iura
1211 4454 1279 4528 sibi
1309 4456 1472 4532 vindicat

152 4567 427 4668 iuspatronatus
457 4569 837 4648 haereditariarum
867 4568 1084 4673 pervulgata
1118 4568 1358 4650 Clementiam
1381 4573 1474 4676 pla-

150 4709 208 4762 res
235 4688 279 4763 de
307 4694 397 4764 iare
417 4699 578 4790 patron.
603 4718 621 4762 c
645 4688 694 4765 ibi
717 4735 739 4744 a
760 4691 901 4796 pierres
931 4690 975 4766 ab
1003 4715 1081 4766 ano
1110 4717 1159 4768 ero
1185 4701 1364 4782 patronis
1405 4695 1470 4774 Eo
1519 4764 1521 4770 .
