3674 5210
345 220 384 294 rt
845 245 985 296 arrarum
1011 230 1173 296 rudrctrcr

343 343 422 421 lesu
452 341 604 422 Christo
633 341 878 436 obsecramus,
905 346 999 424 Van.
1023 344 1168 439 Frater,
1201 348 1241 420 nt
1269 344 1430 422 dissidiis
1457 343 1539 421 istis
1567 367 1668 422 com-

346 465 521 568 ponendis
549 467 807 568 extinguendis
834 489 981 568 operam
1016 453 1160 544 omnem
1194 465 1391 544 efficaciter
1419 471 1457 544 61
1483 464 1666 568 quampri-

343 607 441 660 mum
484 584 674 662 adhibeas,
707 585 790 672 Qua
817 585 856 664 in
885 613 926 663 re
954 589 1184 691 procuranda
1211 610 1439 690 ‘persuasum
1478 586 1546 662 tibi
1587 609 1666 660 esse

340 705 544 810 volumus.
578 710 798 797 consilium,
830 738 977 814 operam
1024 718 1136 814 atque
1182 713 1439 790 auctoritatem
1486 713 1665 791 Nostram

341 826 442 904 nullo
470 837 578 932 pacto
606 830 674 906 tibi
694 829 905 908 defuturam
1012 871 1013 876 =
1426 897 1428 904 2

424 978 442 1020 ι
474 950 593 1025 Vetus
622 972 732 1049 porro
758 955 817 1056 661
844 951 1007 1055 itemque
1036 954 1249 1030 notissimus
1278 951 1546 1031 haereticorum
1569 973 1663 1043 1166,

338 1067 537 1145 catholicos
565 1092 656 1168 quos
677 1067 878 1162 trandibus,
913 1077 1024 1158 metu,
1050 1073 1087 1146 vi
1115 1073 1323 1173 opprimere
1342 1071 1554 1160 enituntur,
1588 1069 1666 1145 dis-

339 1187 479 1264 sociare
508 1187 664 1288 primum
696 1191 734 1263 at
762 1190 798 1264 in
827 1188 1009 1272 factiones
1038 1191 1265 1282 discindere;
1297 1193 1376 1264 turn
1404 1187 1600 1264 calumniis
1628 1192 1667 1262 61

338 1306 574 1386 contumeliis
602 1307 713 1383 etiam
751 1311 849 1410 apud
888 1310 1010 1413 Reges
1037 1317 1074 1388 61
1102 1310 1295 1410 Principes
1335 1332 1493 1409 urgere,
1526 1313 1567 1383 11
1595 1307 1669 1384 1166

338 1429 482 1504 ratione
510 1427 662 1502 istorum
701 1427 946 1528 patrocinium
986 1437 1238 1531 aucupentur,
1273 1428 1310 1504 in
1338 1425 1540 1504 catholicos
1578 1450 1666 1504 vero

338 1548 460 1626 odium
487 1547 651 1624 excitent
677 1553 789 1648 atquc
828 1548 1134 1650 indignationem.
1171 1546 1274 1626 Nihil
1316 1552 1441 1622 autem
1482 1545 1667 1623 solicitius

341 1672 471 1771 agunt,
495 1691 607 1769 quam
635 1671 677 1742 11
704 1669 751 1742 ab
782 1669 1014 1770 Apostolicae
1043 1669 1146 1746 Sedis
1176 1663 1316 1744 unitate
1345 1671 1383 1741 et
1410 1668 1668 1744 communione

341 1813 404 1864 cos
421 1786 613 1879 divellant,
630 1810 721 1888 quos
740 1786 778 1862 in
799 1785 995 1864 factionem
1015 1814 1120 1864 suam
1140 1789 1299 1874 trahere,
1317 1793 1354 1863 et
1381 1787 1498 1864 socios
1517 1787 1668 1887 proinde

241 1975 244 1980 .
341 1906 489 1986 sceleris
525 1905 707 1983 simulac
741 1907 954 2009 perditionis
998 1909 1132 1986 habere
1175 1908 1428 1984 connituntur.
1460 1906 1581 1995 Quam
1622 1907 1669 1984 ob

343 2027 543 2121 rem,dun1
570 2025 695 2102 fideles
724 2027 865 2104 haeresi
896 2027 951 2104 vel
979 2027 1178 2104 schismate
1205 2025 1389 2129 exagitari
1417 2026 1587 2129 contigit,
1609 2049 1669 2104 so·

343 2147 464 2224 lemno
491 2169 632 2248 semper
661 2146 732 2222 fuit
759 2146 972 2240 catholicis,
1004 2147 1186 2248 imprimis
1221 2171 1310 2223 vero
1339 2147 1554 2249 EpiscopiS‚
1588 2172 1670 2222 me-

342 2267 459 2350 dicam
489 2267 647 2345 Romani
679 2265 872 2343 Pontificis
900 2289 1064 2358 manum,
1088 2267 1143 2342 111
1172 2267 1295 2343 aicbat
1321 2291 1477 2367 maguus
1510 2265 1571 2343 1116
1601 2265 1670 2341 aa·

343 2385 447 2464 silius
474 2385 749 2478 Caesariensis,
783 2409 1003 2486 exposcere,
1034 2387 1367 2486 auctoritatemque
1394 2385 1595 2468 invocare:
1627 2393 1671 2460 ut

342 2507 381 2583 in
412 2506 515 2582 Beati
536 2507 641 2581 Petri
659 2504 920 2605 Apostolorum
950 2505 1135 2606 Principis
1163 2505 1339 2583 firmitate
1366 2503 1568 2584 Orientalis
1599 2507 1670 2582 nc-

344 2625 474 2703 clesiae
502 2625 741 2702 fundamenta
768 2623 1029 2702 solidarentur.

427 2777 444 2819 ‹
475 2746 555 2847 Age
582 2744 706 2846 itaque
735 2745 832 2822 Vcn.
863 2742 1008 2832 Frater,
1031 2751 1226 2846 praecepta
1244 2750 1386 2820 scotare
1413 2749 1524 2848 atquc
1542 2771 1670 2822 exem-

344 2867 405 2971 pla
433 2866 625 2957 maiorum,
648 2863 712 2965 qui
732 2863 874 2966 loquuti
902 2869 990 2940 sunt
1007 2867 1157 2940 16111111
1180 2865 1292 2952 11116;
1314 2888 1471 2965 quorum
1491 2866 1667 2943 intuendo

344 2989 484 3064 exitum
512 2984 821 3076 conversationis,
851 2983 998 3060 imitare
1026 2985 1147 3060 tidem.
1171 2983 1342 3062 Christus
1370 2983 1452 3059 heri
1478 2991 1515 3060 61
1542 2986 1666 3076 hodie,

344 3111 422 3210 ipse
449 3112 487 3182 61
513 3107 554 3183 11
580 3105 752 3180 saecula:
783 3107 821 3180 61
848 3105 945 3203 quod
976 3105 1055 3203 lpse
1081 3105 1276 3180 constituit
1319 3101 1503 3180 Ecclesiae
1545 3105 1672 3183 funda·

347 3233 507 3302 trientum
537 3247 644 3301 116116
673 3249 832 3325 unquam
862 3222 1021 3299 61611616
1049 3225 1215 3325 poterit3
1247 3224 1353 3298 sicuti
1384 3225 1527 3310 abac,
1560 3252 1671 3325 quem

348 3346 529 3420 universis
556 3343 769 3445 praeposuit
796 3344 1016 3434 Pastorem,
1049 3344 1215 3419 secedere
1252 3340 1393 3416 nemini
1436 3365 1600 3442 unquam
1627 3343 1673 3418 li-

346 3464 455 3546 cebit.
487 3461 618 3564 quiin
647 3485 759 3564 grege
787 3461 982 3538 Dominico
1013 3485 1159 3536 rnanere
1191 3459 1295 3536 velit.
1360 3503 1368 3524 .-

428 3613 447 3656 ‹
478 3584 581 3661 Haec
608 3585 695 3659 doce
720 3591 758 3656 et
785 3583 984 3658 exhortare
1014 3582 1054 3655 in
1080 3580 1230 3658 Christo
1258 3579 1493 3673 1661;1111116
1520 3587 1674 3668 661111

347 3730 453 3783 16116
482 3703 642 3806 accipiat
670 3727 839 3779 coronam
866 3708 984 3778 tuam.
1017 3701 1288 3780 Consenuimus
1316 3703 1425 3780 ambo
1454 3704 1552 3780 Ven.
1583 3704 1672 3780 Fra·

345 3839 423 3919 ter,
455 3827 493 3900 ct
521 3822 628 3898 161611
656 3826 714 3899 661
742 3821 919 3924 depositio
947 3821 1173 3899 tabernaculi
1202 3823 1353 3900 nostri:
1384 3821 1537 3924 proinde
1566 3823 1675 3900 mini-

346 3940 496 4018 sterium
518 3945 685 4016 nostrum
705 3943 853 4016 strenue
871 3963 980 4040 quam
1000 3939 1063 4038 qui
1085 3939 1243 4016 maxime
1261 3939 1416 4042 implere
1442 3945 1671 4042 satagamus;

347 4063 404 4138 Tu
432 4059 580 4161 quidem
608 4057 648 4133 in
675 4056 852 4158 populum
880 4079 988 4157 quern
1018 4056 1087 4134 tibi
1119 4058 1219 4133 Dens
1247 4083 1314 4160 per
1355 4057 1432 4134 Nos
1474 4058 1675 4161 regendum

348 4178 559 4260 commisit:
591 4179 667 4253 Nos
697 4174 850 4251 veroin
880 4175 1087 4252 nniversam
1131 4174 1356 4269 Ecclesiam,
1388 4201 1497 4276 quam
1539 4177 1676 4280 imper·

349 4297 535 4375 scrutabili
565 4295 699 4373 iudicio
729 4295 937 4372 infirmitati
968 4295 1123 4372 Nostrae
1150 4296 1372 4396 pascendam
1402 4304 1438 4372 et
1466 4298 1677 4398 gubernan-

350 4420 432 4494 dam
462 4416 541 4518 ipse
560 4415 740 4492 Dominus
759 4414 993 4490 concredidit.
1019 4413 1119 4490 Etsi
1141 4415 1227 4514 quid
1248 4439 1293 4490 ea
1314 4416 1358 4490 de
1377 4440 1489 4490 causa
1508 4439 1575 4491 nos
1596 4416 1675 4516 pati

353 4539 545 4642 contingat
563 4535 787 4640 gmrdeamus
806 4538 845 4610 et
862 4533 1082 4628 exultemus,
1108 4557 1175 4610 nos
1193 4533 1325 4636 dignos
1347 4534 1491 4612 habitos
1510 4558 1591 4610 6666
1609 4560 1677 4640 pro
