3674 5210
750 226 918 277 muoeurro
1453 200 1493 276 bl

161 329 226 422 est,
249 351 292 402 ac
320 327 444 404 eodem
473 329 639 426 tempore
666 329 729 404 hro
755 325 793 402 in
823 329 911 402 urbe
929 342 1057 402 nostra
1076 327 1132 402 tot
1150 323 1335 402 domicilia
1353 324 1493 403 delevit

161 473 251 550 quae
279 447 473 550 religiosos
501 451 602 522 viros
629 471 676 523 ex
703 448 842 522 exteris
869 445 1083 524 nationibus
1128 445 1393 547 excipiebant,
1431 449 1494 550 qui

161 567 266 646 statis
294 566 521 669 temporibus
548 565 588 642 in
615 565 713 644 hanc
742 563 968 667 metropolim
998 564 1195 643 convenire
1223 578 1497 646 consueverant

160 689 202 764 ad
230 688 476 763 roborandum
507 685 703 788 spiritum,
736 686 781 762 ad
810 683 971 762 rationes
998 689 1042 760 de
1069 710 1135 763 suo
1164 685 1371 763 ministerio
1414 688 1500 765 red·

159 807 308 898 dendes,
340 809 455 906 atque
482 807 529 883 ab
555 805 647 908 ipsis
674 804 860 882 radicibus
888 805 1084 883 crudeliter
1112 805 1267 882 abscidit
1291 809 1350 883 tot
1385 808 1499 886 utiles

160 931 194 1002 et
220 925 364 1004 feraces
383 924 546 1027 plantas,
571 949 665 1026 quae
683 924 829 1002 fructus
848 923 1113 1002 benedictionis
1133 926 1172 1001 et
1190 924 1290 1026 pacis
1309 925 1349 1003 in
1368 950 1497 1005 omnes

160 1057 284 1123 terrae
311 1044 442 1150 plagas
470 1041 686 1122 afferebant.
719 1044 860 1122 Eadem
889 1048 1016 1122 autem
1055 1045 1327 1147 suppressionis
1354 1046 1500 1126 iniuria

151 1153 254 1270 'quae
282 1162 450 1267 collegia
468 1164 624 1266 perculit
643 1189 708 1266 pro
726 1166 841 1242 sacris
861 1163 1098 1244 missionibus
1117 1162 1156 1242 in
1176 1166 1266 1242 urbe
1291 1167 1500 1246 constituta

160 1288 203 1363 ad
232 1285 365 1386 dignos
392 1281 581 1386 operarios
608 1280 867 1376 efformandos,
900 1283 963 1385 qui
991 1281 1192 1385 Evangelii
1211 1283 1331 1362 lucem
1360 1286 1401 1363 in
1428 1287 1500 1362 dis·

160 1408 252 1484 sitas
279 1405 392 1483 edam
405 1407 445 1480 et
467 1401 673 1503 inhospitas
700 1407 820 1481 terras
850 1403 1014 1480 animose
1044 1403 1264 1504 proferrent,
1290 1429 1334 1483 ea
1361 1405 1496 1484 misere

160 1525 336 1604 subduxit
363 1529 421 1602 tol
448 1522 592 1624 populis
620 1527 696 1599 tam
725 1523 887 1601 salutare
915 1523 1066 1626 pietatis
1102 1526 1141 1600 et
1177 1524 1347 1622 caritatis
1388 1527 1496 1603 auxi-

159 1645 251 1726 lium
274 1667 411 1745 magno
429 1667 511 1719 oum
536 1643 760 1720 detrimento
775 1643 892 1746 ipsius
922 1643 1043 1722 civilis
1076 1643 1322 1723 humanitatis
1351 1650 1389 1723 et
1415 1647 1496 1724 cul-

161 1773 247 1862 tus,
278 1766 343 1868 qui
371 1789 394 1840 a
422 1762 630 1866 Religionis
658 1772 809 1842 nostrae
836 1763 1035 1842 sanctitate
1061 1764 1230 1841 doctrina
1268 1765 1409 1843 virtute
1437 1768 1502 1845 di.

160 1895 301 1969 manat.
317 1886 536 1966 Huiusmodi
566 1911 653 1964 vero
672 1885 772 1988 leges
785 1910 852 1990 per
870 1913 909 1964 se
938 1887 1196 1965 acerbissimae
1216 1895 1253 1964 et
1282 1913 1357 1966 non
1378 1890 1500 1969 solum

160 2007 401 2114 Religionis,
433 2007 495 2083 sed
523 2005 640 2109 ipsius
676 2007 863 2085 humanae
904 2009 1093 2086 societatis
1128 2009 1280 2088 utilitati
1321 2035 1500 2114 perquam

161 2133 354 2221 adversae,
378 2127 557 2204 maiorem
585 2127 698 2202 etiam
720 2130 962 2206 acerbitatem
985 2130 1118 2206 deinde
1135 2153 1307 2232 aerepere
1328 2156 1374 2208 ex
1393 2133 1502 2208 novis

161 2247 457 2327 ordinationibus
485 2247 538 2322 rei
566 2245 732 2346 publicae
762 2247 1048 2342 ministrorum,
1079 2249 1212 2351 quibus
1241 2250 1499 2352 religiosarum

162 2368 390 2448 familiarum
418 2367 605 2442 communi
633 2368 671 2442 in
700 2366 805 2444 domo
833 2368 1141 2460 consociationem
1165 2375 1202 2446 et
1220 2393 1340 2447 novae
1365 2371 1504 2449 adinis-

162 2491 288 2568 siones
317 2513 384 2592 pro
413 2486 646 2592 regularibus
675 2488 866 2589 utriusque
894 2514 1005 2568 sexus
1035 2492 1103 2566 sub
1131 2491 1270 2566 severis
1297 2491 1504 2571 sanctioni-

162 2612 232 2688 bus
261 2609 515 2712 prohibentur.
548 2607 724 2684 Disiectis
752 2607 954 2686 Ordinibus
982 2609 1164 2713 religiosis
1192 2610 1301 2688 Olero
1321 2612 1503 2690 saeculari

160 2730 387 2808 destruendo
414 2727 570 2805 consilia
598 2733 635 2802 et
662 2753 775 2828 opera
802 2737 981 2806 conversa
1009 2733 1110 2820 sunt,
1134 2753 1178 2806 ac
1205 2730 1353 2808 funesta
1373 2758 1416 2809 ea
1444 2732 1504 2810 lex

160 2850 241 2926 lata
269 2847 342 2924 fuit
370 2873 445 2949 qua
474 2848 549 2924 Nos
578 2851 618 2923 et
647 2848 825 2924 Pastores
852 2847 971 2926 italici
994 2848 1118 2950 populi
1141 2875 1375 2954 magnorum
1399 2851 1504 2931 luctu

162 2970 295 3048 videre
322 2967 516 3045 debuimus
535 2969 688 3043 iuvenes
707 2965 869 3056 clericos,
901 2967 1088 3045 Ecclesiae
1107 2993 1227 3070 spem,
1250 2997 1272 3045 a
1290 2974 1504 3050 sanctuario

163 3089 339 3190 nequiter
367 3089 531 3179 avulsos
554 3095 592 3164 et
620 3092 769 3166 coaetos
797 3093 917 3164 aetate
945 3089 1026 3189 ipsa
1041 3115 1114 3190 qua
1133 3115 1172 3165 se
1188 3091 1264 3166 [leo
1284 3091 1501 3168 solemniter

165 3207 419 3284 consecraturi
442 3211 542 3298 sunt,
564 3207 764 3284 saecularis
779 3207 932 3283 militiae
951 3207 1113 3284 balteum
1143 3209 1318 3310 accipere,
1339 3236 1381 3287 ao
1401 3212 1505 3290 vitae

165 3350 287 3428 genus
316 3323 493 3428 perferre,
516 3328 610 3426 quod
631 3327 677 3402 ab
696 3325 880 3402 institutis
899 3330 937 3403 et
955 3353 977 3402 a
996 3327 1129 3428 spiritu
1147 3328 1359 3406 vocationis
1374 3353 1502 3407 eorum

167 3444 382 3545 longissime
401 3444 590 3520 abhorret.
613 3443 710 3531 Quid
729 3441 862 3545 plural
883 3444 1106 3522 Subseoutae
1125 3451 1214 3522 sunt
1229 3446 1505 3525 aliae-iniustae

168 3565 272 3668 leges
300 3563 436 3666 quibus
480 3565 694 3641 universum
738 3563 1022 3666 patrimonium,
1055 3567 1151 3666 qnod
1173 3566 1347 3645 Ecclesia
1387 3568 1504 3645 sacris

169 3685 360 3763 diuturnis
378 3684 649 3762 inviolabilibus
667 3685 788 3761 titulis
816 3685 1027 3785 possidebat
1048 3710 1181 3786 magna
1218 3710 1266 3762 ex
1294 3690 1400 3787 parte
1432 3686 1506 3763 fuit

171 3809 361 3905 ereptum,
395 3803 604 3880 substitutis
631 3801 711 3881 eius
739 3802 818 3880 loco
846 3826 893 3878 ex
921 3805 1027 3902 parte
1054 3807 1199 3880 tantum
1228 3805 1373 3908 exiguis
1410 3803 1504 3882 redi-

171 3924 286 4018 tibus,
319 3923 385 4025 qui
412 3923 636 4024 ancipitibus
663 3927 872 4026 terrrporum
900 3924 1072 4017 vicibus,
1103 3930 1140 4000 et
1169 3924 1358 4001 voluntati
1387 3951 1506 4006 acar

171 4042 287 4118 bitrio
317 4040 484 4144 publicae
503 4043 696 4142 potestatis
725 4045 873 4144 penitus
893 4041 1156 4120 subiiciuutur.
1178 4043 1380 4144 Deplorare
1393 4045 1504 4122 etiam

173 4161 292 4240 eoacti
319 4162 458 4238 faunus
488 4185 621 4263 magno
649 4186 805 4240 numero
833 4163 1000 4243 aedilicia
1041 4188 1135 4265 quae
1182 4163 1301 4264 pietas
1343 4162 1504 4242 fidelium

171 4281 353 4382 gravibus
381 4282 578 4358 admodum
607 4282 814 4383 sumptibus
846 4281 1010 4359 toleratis
1038 4285 1238 4374 erexerat,
1269 4306 1365 4384 quae
1406 4281 1505 4360 chri·

173 4399 308 4474 stianis
336 4399 482 4478 Romae
508 4402 735 4503 temporibus
762 4401 873 4503 digua
902 4406 1022 4491 erant,
1047 4426 1214 4504 quaeque
1234 4402 1505 4503 pacatumhos-

175 4517 307 4620 pilinm
338 4517 564 4618 praebebant
590 4518 798 4617 virginibus
827 4519 903 4596 Deo
931 4521 1074 4597 devotis
1101 4526 1166 4596 aut
1185 4520 1431 4624 Regularium
1449 4519 1468 4600 f
1487 4564 1504 4580 ·
