3622 5232
1372 188 1433 264 159

624 339 912 428 DECRETUM

115 545 328 614 Neapolitana
349 543 624 602 Beotissoationia
648 549 683 600 ot
704 541 981 600 canonizationis
996 542 1180 598 vonseni
1194 541 1258 600 Dei
1272 543 1435 600 Ioonnnio

220 639 400 709 Baptistae
421 639 519 694 Iussa
540 637 624 694 ioioi
646 637 870 704 neapolitani.

182 785 221 863 In
265 783 390 862 Causa
433 781 724 859 Beatifieatiouis
769 789 806 858 et
850 783 1152 860 canonizationis
1188 784 1285 858 Ven.
1327 779 1434 859 Servi

117 907 172 982 Dei
200 903 350 980 ioannis
378 901 569 1002 Baptistae
596 903 694 978 iussa
713 899 869 1002 praefati
890 921 1005 1002 quum
1027 901 1086 1006 agi
1108 902 1256 978 deberet·
1275 902 1315 977 in
1334 902 1434 981 Con·

116 1023 316 1126 gregatione
346 1023 540 1100 Sacrorum
571 1022 730 1098 Rituum
760 1018 959 1096 Ordinaria
987 1022 1030 1096 de
1059 1019 1252 1098 validitate
1282 1022 1436 1098 Proces-

119 1167 212 1219 suum
242 1142 278 1216 in
308 1139 434 1218 eadem
464 1145 587 1218 nausa
617 1143 912 1214 construrtorum
945 1139 987 1212 ad
1008 1138 1225 1214 instantiam
1243 1139 1343 1216 Rev.
1361 1141 1437 1218 Pa·

119 1263 178 1338 tris
203 1257 378 1336 Generosi
407 1257 554 1335 Oalenzi
596 1256 809 1354 Presbyteri
848 1255 1162 1357 congregationis
1199 1256 1365 1334 Oratorii
1393 1261 1438 1336 de

121 1383 221 1474 Urbe,
244 1390 293 1473 et
310 1377 421 1454 huius
448 1376 591 1454 Causae
619 1377 881 1461 Postulatoris,
906 1375 1023 1454 lirinus
1050 1384 1088 1451 et
1115 1376 1236 1454 erius
1256 1380 1301 1454 D.
1320 1377 1431 1457 Card.

27 1573 28 1582 .
118 1500 320 1578 Dominicus
353 1495 536 1573 Bartolini
574 1494 687 1571 huius
734 1493 878 1571 Causae
906 1497 1056 1572 Peneus
1086 1520 1243 1595 sequens
1273 1496 1434 1573 Dubium

118 1622 297 1724 pmposuit
323 1619 361 1694 in
390 1615 595 1694 Ordinariis
624 1616 822 1694 Sacrorum
852 1616 1010 1692 Riiuum
1041 1615 1216 1694 Comitiis
1250 1619 1296 1694 ad
1326 1615 1435 1693 Vati-

116 1763 235 1818 canum
266 1739 444 1815 hodierna
470 1735 528 1812 die
558 1734 706 1814 habitis.
742 1762 761 1808 «ι
792 1735 855 1812 Aa
886 1744 1034 1811 constet
1052 1735 1098 1810 de
1115 1733 1438 1812 Valr'dr'tutaPro-

115 1885 277 1938 corsuum
305 1867 388 1932 tam
414 1855 635 1959 Aposioir'ca
662 1879 781 1958 quara
824 1851 1040 1931 Ordr'aarr'a
1071 1855 1309 1930 Auctoritate
1349 1879 1438 1930 ooa-

115 1985 355 2059 structorum,
382 1973 509 2050 Testes
536 1979 617 2050 star
644 1979 721 2048 rite
748 1999 792 2048 oo
821 1982 923 2048 recte
941 1977 1163 2048 amoariauii
1181 1984 1216 2049 et
1237 1979 1330 2049 tura
1344 1999 1440 2076 pro·

117 2096 219 2170 dunin
247 2095 421 2198 legittime
448 2093 688 2196 computante
717 2099 760 2166 ta
787 2117 879 2167 casu
907 2101 943 2166 et
972 2092 1023 2166 nd
1049 2093 1247 2194 effectum,
1282 2093 1328 2172 de
1359 2117 1434 2198 quo

117 2217 275 2316 aqr'tor?
306 2241 324 2283 ι
357 2212 438 2288 limi
470 2234 579 2312 porro
607 2235 652 2287 ao
680 2208 767 2288 urai
797 2213 930 2286 Patres
959 2209 1074 2286 saeris
1110 2213 1256 2288 tuendis
1284 2213 1440 2291 Ritibus

116 2333 302 2433 praepositi
331 2341 414 2431 post
442 2341 654 2406 accuratum
685 2329 846 2404 omnium
877 2351 1044 2417 examen,
1068 2329 1195 2404 audito
1213 2334 1324 2406 etiam
1345 2355 1437 2407 vore

116 2458 149 2524 et
171 2454 302 2552 scripto
335 2453 381 2528 a.
417 2451 460 2527 P.
495 2451 539 2524 D.
574 2449 775 2526 Laurentio
804 2448 944 2525 Salvati
975 2449 1013 2526 S.
1056 2447 1157 2526 Fidei
1201 2449 1432 2542 Promotum,

117 2570 375 2646 rescribendum
405 2573 652 2644 censuerunt:
685 2596 704 2637 ‹
739 2567 909 2642 Praevia
937 2573 1139 2644 sanatione
1168 2571 1355 2646 Actorum
1394 2576 1439 2646 in

116 2689 293 2766 Processu
323 2687 540 2766 Ordr'rrora'o
567 2686 613 2763 ab
642 2687 746 2761 obitu
765 2688 813 2762 ol.
836 2712 909 2764 me.
938 2685 1052 2765 θανά.
1080 2688 1302 2766 Caraoor'olu
1316 2715 1439 2792 usqae

117 2809 161 2882 ud
183 2833 319 2887 auvam
346 2816 605 2885 terminorum
633 2813 981 2910 proroqotioaem:
1010 2809 1292 2910 Affirmntr've»
1322 2809 1381 2888 die
1414 2809 1440 2886 3

117 2929 293 3008 Februarii
328 2929 442 3008 1877.

184 3049 294 3126 Facta
322 3057 446 3127 autem
475 3051 521 3127 ab
548 3049 783 3155 infrascripto
812 3052 1006 3132 Sacrorum
1036 3049 1195 3127 Rituum
1224 3045 1439 3150 Oougrega-

116 3167 217 3244 rionis
243 3171 450 3248 Secretario
476 3169 573 3247 fideli
602 3171 794 3272 relatione,
815 3170 1005 3249 Sanctitas
1034 3169 1109 3248 Sua
1127 3170 1348 3245 senteutiam
1371 3169 1440 3246 Sa·

117 3311 190 3360 crae
214 3288 525 3390 Congregationia
554 3297 671 3365 ratam
701 3289 837 3368 haltere
863 3305 901 3364 et
929 3289 1177 3382 confirmare,
1210 3286 1440 3390 politamque

117 3406 332 3484 sanationem
365 3409 520 3510 benigne
549 3409 740 3510 indulgere
769 3411 923 3512 dignata
951 3413 1022 3486 est.

313 3529 386 3606 Die
417 3527 466 3605 15
493 3527 642 3604 aliodem
675 3553 797 3606 mensa
826 3541 863 3604 et
890 3553 1002 3606 anno.

578 3695 627 3772 A.
658 3697 737 3774 ΕΡ.
771 3695 986 3773 SAssiNiiii
1016 3697 1171 3774 Oiai).
1204 3695 1334 3775 BILIO

771 3815 811 3894 S.
843 3815 893 3894 R.
925 3816 968 3894 Ο.
1002 3815 1149 3893 Pana.

120 3937 203 4020 uo
231 3943 275 4038 a
308 3943 429 4048 signu

768 4065 882 4144 Plan.
913 4066 1026 4144 Rata
1051 4071 1096 4149 S.
1128 4067 1180 4147 R.
1216 4067 1259 4147 0.
1291 4068 1433 4150 Serrei.

716 4327 818 4356 μ
