3674 5210
638 263 775 309 mustum
802 263 961 308 quercum
1416 243 1459 311 25

214 396 233 440 »
262 366 420 443 Frustra
446 381 567 442 autem
597 364 797 466 primatum
831 365 990 442 Romani
1021 363 1213 442 Pontificis
1258 385 1461 465 agnoscere

134 493 168 563 te
196 511 239 562 ac
267 487 427 562 revereri
456 486 496 561 in
523 484 599 560 tuis
618 481 752 560 littaris
773 483 970 585 profiteris,
995 483 1069 561 nisi
1097 485 1142 560 de
1161 505 1205 560 eo
1223 483 1280 558 ita
1293 508 1342 559 ex
1361 485 1458 560 omni

133 613 236 709 parte
264 604 420 697 sentias,
451 603 560 679 sicuti
588 603 864 680 oecumenicum
891 600 1085 680 concilium
1112 601 1371 679 Florentinum
1399 605 1460 678 de·

133 723 264 814 finivit,
299 734 333 798 et
363 722 638 800 oecumenicum
672 719 894 800 Vaticanum
922 721 1155 799 enucleatius
1182 721 1386 822 explicavit
1425 727 1462 797 at

133 841 377 918 confirmavit.
410 840 618 919 Primatum
648 864 738 918 vero
765 839 1032 918 iurisdictionis
1060 840 1256 920 admittere
1284 840 1364 919 iure
1405 841 1461 917 di-

136 963 216 1037 vino
245 963 488 1052 contimtum,
510 961 617 1062 eique
636 959 913 1062 patriarchalia,
937 960 992 1037 uti
1012 960 1067 1037 ais
1098 961 1195 1051 iura,
1217 959 1462 1038 ecclesiastica

136 1083 363 1158 ordinatione
391 1080 566 1158 instituta
592 1105 793 1183 opponere,
827 1080 931 1182 queis
962 1081 1155 1158 Romanus
1182 1079 1358 1158 Pontifex
1397 1103 1461 1179 pro

136 1208 368 1300 terrrporum,
400 1201 562 1276 locorum
591 1224 860 1301 causarumque
889 1201 1034 1278 ratione
1061 1203 1238 1302 derogare
1264 1201 1458 1298 nequeat,

135 1319 354 1397 catholicum
382 1324 481 1396 certe
508 1343 582 1400 non
611 1328 695 1396 est:
726 1325 764 1396 et
791 1320 971 1398 catholico
999 1321 1169 1424 episcopo
1188 1318 1344 1422 indigna
1359 1340 1461 1418 pror-

134 1466 191 1516 sus
219 1459 277 1518 est
307 1441 493 1543 quaelibet
520 1441 656 1518 iurium
687 1465 751 1518 seu
771 1440 1051 1544 privilegiorum
1071 1466 1222 1520 suorum
1243 1439 1457 1530 reservatio,

131 1585 204 1662 qua
222 1563 395 1638 intendat
407 1563 534 1639 eadem
549 1562 630 1664 ipsa
649 1585 858 1663 supremae,
882 1562 1011 1663 plenae
1026 1587 1070 1638 ac
1085 1561 1273 1662 legitimae
1289 1559 1334 1636 Β.
1357 1556 1462 1634 Petri

133 1684 284 1782 eiusque
314 1704 564 1758 successorum
593 1681 815 1758 ordinationi
844 1689 882 1756 et
909 1682 1084 1783 potestati
1123 1681 1335 1756 subducere.

64 1883 66 1890 y
214 1831 232 1872 ›
256 1802 334 1878 lam
361 1825 449 1877 vero
478 1801 553 1879 Nos
581 1825 726 1904 semper
758 1802 1069 1891 existimavimus,
1103 1798 1322 1878 catholicam
1351 1798 1392 1874 in
1423 1803 1463 1874 te

132 1921 237 1998 tidem
270 1919 311 1996 in
339 1946 403 1997 sua
434 1921 651 2024 integritate
677 1921 834 2024 vigere,
867 1927 906 1997 et
933 1946 955 1996 a
983 1922 1100 1998 totius
1127 1920 1313 1998 Ecclesiae
1353 1942 1463 1994 sensu

132 2067 174 2117 ac
201 2039 373 2118 doctrina
400 2044 439 2116 te
466 2065 668 2142 numquam
697 2041 895 2118 dissentire
933 2040 1108 2120 voluisse.
1147 2040 1272 2128 Quare
1312 2063 1397 2117 omn
1424 2039 1464 2113 in

130 2160 270 2236 litteris
299 2160 532 2237 adhaesionis
560 2169 646 2239 tuae
673 2162 832 2239 decretis
868 2160 1027 2239 Concilii
1057 2159 1229 2238 Vaticani
1261 2183 1354 2260 quas
1399 2161 1464 2236 de-

130 2281 216 2358 disti
247 2283 306 2358 die
336 2281 462 2358 XXlX
493 2280 575 2357 lulii
605 2307 666 2358 an.
701 2279 1018 2360 MDOOOLXXll.
1049 2280 1264 2358 declarabas
1292 2279 1361 2355 tibi
1381 2278 1465 2355 iura

131 2403 269 2492 omnia,
304 2406 346 2476 ut
372 2401 509 2490 aiebas,
534 2404 573 2477 et
600 2400 799 2503 privilegia
825 2401 1089 2502 patriarchalia
1105 2406 1143 2477 te
1164 2399 1256 2476 velle
1275 2403 1462 2476 reservata

130 2527 165 2595 et
195 2527 429 2610 conservata,
461 2518 676 2594 existimare
704 2542 777 2595 non
818 2523 1026 2621 potuimus,
1062 2520 1221 2596 voluisse
1248 2522 1288 2596 te
1325 2517 1463 2594 limita·

131 2645 273 2719 tionem
301 2641 360 2717 vel
388 2643 630 2719 conditionem
660 2640 864 2731 catholicae
892 2642 964 2718 illis
993 2644 1211 2747 professioni
1241 2669 1262 2719 a
1289 2649 1326 2719 te
1344 2643 1464 2720 editae

130 2769 324 2838 statuere:
355 2773 528 2837 neutrum
556 2762 762 2838 enimcum
805 2761 989 2838 catholica
1028 2766 1188 2840 veritate
1224 2762 1284 2839 vel
1320 2763 1464 2842 unitate

130 2883 304 2981 componi
336 2880 528 2981 potuisset.
560 2878 745 2968 Quoniam
773 2904 861 2959 vero
888 2883 1014 2959 durior
1041 2889 1078 2960 et
1106 2907 1240 2984 anceps
1268 2883 1359 2960 haec
1399 2892 1464 2960 tua

129 3001 276 3078 dicendi
306 3002 403 3076 ratio
431 3000 641 3088 videbatur,
664 3001 741 3078 Nos
769 3001 864 3076 hanc
891 3004 937 3077 ad
954 3026 1082 3079 sanam
1098 3003 1318 3093 doctrinam,
1350 3026 1463 3104 quarn

130 3126 169 3196 te
198 3120 367 3222 profiteri
397 3118 489 3196 velle
517 3117 759 3211 affirmabas,
791 3119 949 3220 perfecte
976 3124 1195 3224 exigendam
1225 3122 1459 3223 putavimus,

129 3241 186 3316 uti
216 3239 489 3340 deprehendere
518 3239 669 3339 potuisti
697 3237 738 3315 in
765 3238 901 3314 litteris
941 3264 1033 3341 quas
1076 3241 1268 3318 occasione
1295 3242 1465 3344 supradi-

130 3367 216 3437 ctae
243 3358 477 3437 adhaesionis
505 3366 605 3454 tuae,
638 3359 696 3436 die
724 3356 845 3450 XVI,
878 3358 923 3434 ad
951 3368 988 3436 te
1025 3360 1223 3453 dedimus3
1253 3363 1365 3462 atque
1410 3361 1464 3438 ita

131 3479 421 3558 declarationem
449 3479 625 3557 Nostram
654 3478 694 3555 in
721 3477 768 3552 iis
796 3500 1008 3577 expressam
1037 3479 1225 3583 recepisti,
1258 3489 1300 3556 ut
1326 3503 1373 3556 ex
1403 3480 1462 3556 his
1562 3479 1565 3487 ‘

130 3623 231 3700 quae
256 3599 374 3677 Nobis
400 3596 623 3700 rescripsisti
651 3597 762 3700 plane
791 3595 846 3671 illi
873 3600 912 3673 et
938 3598 1123 3676 cumulata
1149 3601 1383 3700 acquiescere
1411 3603 1463 3678 vi·

131 3717 287 3796 dereris.

216 3865 237 3910 a
268 3837 359 3915 Post
384 3838 478 3915 haec
502 3843 630 3916 tamen
657 3862 730 3914 non
759 3836 937 3915 dubitasti
957 3841 1060 3915 tuam
1078 3837 1177 3916 illam
1199 3837 1462 3941 professionem

131 3957 232 4058 apud
260 3967 344 4033 tuos
371 3957 576 4059 Episcopos
603 3980 809 4059 propagare
837 3959 881 4032 ad
909 3961 1105 4058 praetensa
1131 3965 1198 4036 tua
1224 3961 1306 4037 iura
1351 3961 1464 4037 susti-

133 4077 268 4152 nenda.
300 4077 356 4153 Ad
385 4101 477 4178 quos
505 4077 536 4153 si
563 4077 673 4154 etiarn
705 4076 864 4152 misisses
892 4071 1103 4177 exemplum
1133 4086 1355 4156 memoratae
1383 4081 1462 4156 No·

132 4199 232 4271 strae
259 4194 456 4296 epistolae,
488 4194 559 4297 ipsi
587 4192 755 4298 profecto
783 4195 1067 4286 intellexissent,
1099 4203 1202 4273 tuam
1240 4199 1463 4276 reservatio·

134 4338 219 4390 nem
247 4313 363 4392 Nobis
389 4316 581 4416 probatam
610 4338 685 4390 non
711 4313 838 4406 fuisse,
872 4315 1116 4416 traditamque
1143 4341 1165 4393 a
1194 4317 1306 4394 Nobis
1333 4321 1378 4395 de
1397 4345 1463 4422 pa·

134 4432 382 4510 triarcharum
411 4431 618 4535 privilegiis
645 4457 772 4510 veram
800 4432 1019 4510 catholicam
1049 4436 1251 4513 doctrinam
1267 4463 1314 4513 ex
1334 4440 1460 4516 iisdem

135 4554 281 4632 Nostris
308 4553 444 4630 litteris
471 4551 707 4646 hausissent3
738 4558 776 4630 et
802 4553 976 4631 dernirati
1001 4555 1112 4632 etiam
1142 4565 1264 4634 essent
1292 4559 1462 4658 benigni-
