3670 5222
370 233 428 319 151
604 333 607 344 Ι
653 259 847 318 tosrutavun'
870 270 954 318 uraca
980 270 1148 320 concussus
1173 275 1212 320 no
1238 266 1399 324 rxaoscns

364 366 384 440 b
417 370 613 470 reprobant
641 370 882 470 approbatum
912 371 957 444 ab
988 368 1115 456 altem,
1149 371 1334 472 Episcopo
1363 374 1427 449 uni
1456 372 1603 450 illorum
1625 395 1687 450 ac-

367 519 384 558 »
417 491 565 563 cedente
593 511 640 562 ex
668 512 742 588 quo
772 489 857 562 vota
884 490 971 564 sunt
1004 489 1209 590 singularia
1246 513 1293 565 an
1333 490 1402 566 iste
1439 490 1499 567 cui
1541 496 1682 570 accedit

366 638 383 680 »
418 607 620 708 Episcopus
648 609 696 680 sit
723 605 986 708 praeferendus
1015 613 1053 684 et
1080 611 1135 686 sic
1163 634 1260 686 unus
1287 635 1333 686 ex
1365 612 1683 688 examinatoribus

363 757 383 799 .»
415 752 495 802 rum
524 725 702 827 Episcopo
731 725 857 800 vincat
884 726 977 801 alios
1006 731 1157 828 quatuor
1192 729 1449 829 reprobantesl
1478 730 1583 806 idem
1621 756 1683 806 re-

366 877 384 921 »
414 848 561 950 spondit
589 846 627 924 S.
659 843 923 947 Congregatio.
958 847 994 922 3.
1027 844 1207 923 Similiter
1235 846 1267 921 si
1297 872 1392 923 unns
1420 852 1564 923 tantum
1588 865 1687 925 com-

366 996 384 1040 >
417 973 560 1066 pareret
587 966 633 1041 ad
661 991 700 1040 se
727 967 1014 1042 examinandum
1051 990 1172 1042 coram
1212 967 1330 1043 tribus
1367 968 1685 1046 examinatoribus

364 1117 383 1160 ›
416 1112 489 1164 uno
503 1085 649 1163 illorum
666 1087 907 1186 approbante,
926 1087 1082 1165 caeteris
1097 1087 1397 1188 reprobantibus,
1412 1114 1461 1165 an
1477 1087 1552 1165 illis
1569 1091 1689 1190 possit

364 1236 383 1282 >
414 1206 586 1283 accedere
613 1180 835 1308 Episcopui‘l
865 1206 1053 1306 respondit
1071 1205 1110 1307 S.
1133 1205 1176 1283 Ο.
1198 1233 1276 1282 noa
1292 1232 1409 1311 posse
1428 1219 1462 1282 et
1481 1216 1687 1285 amamino-

359 1355 383 1400 .›
414 1339 496 1404 tom
524 1325 601 1402 dici
630 1325 891 1428 reprobatum.
923 1323 975 1402 nt
1002 1325 1056 1402 ita
1085 1334 1139 1402 est
1166 1328 1418 1428 accipiendum
1448 1329 1545 1429 quod
1572 1329 1688 1405 tradit

364 1473 383 1519 ν
419 1445 578 1523 Gemuere
606 1449 645 1525 d.
678 1473 759 1550 cop.
792 1447 867 1532 66,
899 1447 926 1522 4
955 1467 989 1520 et
1017 1453 1060 1521 in
1090 1457 1222 1522 annot.
1253 1471 1293 1523 a.
1332 1447 1399 1524 18.

363 1643 365 1646 ,
445 1593 461 1634 »
493 1563 563 1640 Sed
589 1563 699 1641 iuxta
731 1564 800 1639 hoc
828 1565 993 1640 succedit
1021 1563 1219 1642 difficultas
1239 1567 1385 1666 quando
1404 1567 1577 1644 dicantur
1596 1576 1688 1644 vota

363 1714 382 1760 >
414 1683 618 1786 singularia
646 1689 686 1760 ut
713 1681 919 1785 Episcopus
947 1681 1068 1784 possit
1096 1687 1268 1762 accedere
1286 1686 1420 1786 quibus
1441 1688 1560 1787 magis
1580 1688 1687 1764 vide·

363 1831 380 1874 s
414 1803 512 1879 bitur
540 1802 728 1903 supposito
757 1805 852 1902 qnod
885 1803 1158 1878 examinatores
1176 1805 1332 1880 debeant
1349 1827 1430 1879 esse
1448 1809 1525 1880 tres
1545 1807 1589 1880 ad
1611 1807 1680 1881 mi·

364 1954 381 1994 »
413 1950 498 2018 nus,
529 1927 571 2000 ut
597 1924 733 1999 dictum
765 1927 833 1999 est.
872 1925 1130 2026 Respondetur
1158 1928 1253 2026 quod
1283 1951 1363 2004 cum
1392 1953 1437 2004 ex
1456 1929 1578 2004 tribus
1597 1953 1686 2004 exa-

363 2074 381 2116 »
414 2044 658 2120 minatoribus
688 2067 782 2119 unus
811 2046 992 2146 approbat
1010 2069 1122 2120 unum
1144 2070 1250 2147 quem
1272 2047 1368 2123 alter
1387 2048 1571 2148 reprobat,
1597 2060 1685 2125 tunc

360 2193 379 2235 »
409 2163 579 2239 dicentur
598 2160 686 2238 'vota
704 2163 926 2265 singularia,
945 2179 986 2239 ut
1001 2165 1205 2266 Episcopus
1222 2165 1339 2266 possit
1357 2167 1528 2251 accedere
1547 2167 1683 2265 quibus

360 2312 379 2356 ›
413 2285 532 2384 magis
560 2283 745 2359 videbitur
776 2289 814 2356 et
841 2282 895 2358 ita
923 2284 1088 2384 procedit
1115 2285 1210 2383 quod
1240 2284 1295 2362 ait
1337 2285 1446 2388 Upol.
1479 2285 1517 2359 d.
1549 2313 1582 2359 c.
1622 2283 1682 2360 50

360 2436 378 2477 s
411 2407 454 2504 §a
486 2405 559 2487 12,
588 2431 697 2480 aum.
736 2401 797 2497 3.,Ι
836 2410 931 2507 quod
972 2407 1178 2509 singulares
1214 2413 1302 2484 sunt
1339 2411 1484 2508 quando
1522 2409 1684 2508 quisque

362 2555 379 2597 »
410 2525 647 2600 examinator
677 2549 789 2601 unum
819 2527 1094 2628 adprobaverit,
1127 2527 1327 2604 etidcirco
1356 2525 1534 2628 singulos.
1575 2528 1679 2603 l'nde

359 2675 379 2720 »
411 2645 556 2721 videtur
582 2643 716 2721 falsum
746 2647 842 2748 quod
862 2647 916 2722 ait
936 2641 1073 2722 Petrus
1091 2647 1271 2723 Ledesma.
1290 2671 1411 2745 supra.
1437 2646 1582 2746 quodsi
1604 2653 1680 2720 tres

359 2793 377 2834 ›
409 2765 684 2840 examinatores
711 2764 853 2841 fuerint
879 2765 988 2841 divisi
1019 2766 1160 2841 insuia
1184 2765 1297 2860 votis,
1325 2769 1448 2869 potest
1476 2765 1682 2865 Episcopus

360 2911 378 2954 ›
410 2881 467 2958 vel
496 2883 667 2961 Vicarius
694 2888 867 2960 accedere
895 2884 955 2959 cui
984 2885 1155 2976 voluerit,
1186 2887 1281 2987 quod
1302 2890 1360 2960 est
1378 2885 1527 2961 omnino
1546 2882 1679 2959 falsum

360 3030 378 3071 ι
408 3002 504 3076 etsi
533 3005 606 3078 duo
635 3001 774 3078 fuerint
803 3027 868 3104 pro
898 3029 971 3080 una
998 3012 1117 3106 parte,
1151 3008 1189 3079 et
1217 3002 1313 3078 alius
1340 3027 1407 3103 pro
1441 3002 1526 3096 alia,
1561 3005 1683 3104 potest

362 3150 379 3191 »
412 3121 524 3196 etiam
552 3121 761 3223 Episcopus
791 3123 847 3198 vel
877 3123 1047 3200 Vicarius
1075 3124 1247 3198 accedere
1276 3123 1371 3223 parti
1408 3122 1466 3199 cui
1505 3123 1677 3216 voluerit,

360 3271 378 3311 s
410 3242 506 3342 quod
535 3247 592 3316 est
620 3242 770 3317 omnino
798 3240 948 3318 falsum:
980 3267 1063 3319 nam
1094 3242 1125 3316 si
1154 3243 1228 3318 duo
1256 3247 1344 3318 sunt
1373 3265 1438 3342 pro
1468 3267 1541 3317 una
1576 3253 1680 3343 parte

358 3389 376 3432 v
407 3365 445 3436 et
473 3383 569 3436 unus
597 3385 662 3460 pro
693 3360 778 3446 alia,
812 3384 886 3435 non
916 3366 1003 3436 sunt
1031 3383 1138 3461 pares
1164 3386 1233 3439 nec
1260 3361 1468 3462 singulares
1495 3373 1568 3436 etc.

439 3509 456 3548 s
489 3481 655 3580 Apparet
681 3503 728 3554 ex
761 3480 796 3554 d.
833 3480 872 3576 ξ.
909 3480 1008 3581 quod
1041 3503 1087 3554 ex
1127 3481 1340 3582 approbatis
1375 3484 1414 3555 et
1448 3481 1681 3557 renunciatis

357 3629 375 3671 ›
408 3623 473 3699 per
500 3599 786 3675 Exarninatores
815 3600 916 3676 solus
944 3597 1150 3702 Episcopus
1177 3601 1235 3676 vel
1260 3601 1434 3678 Vicarius
1453 3603 1492 3676 et
1512 3625 1586 3677 non
1606 3602 1680 3703 ipsi

358 3721 681 3794 »examinatores
709 3719 840 3794 debent
868 3720 1004 3821 eligere
1035 3723 1151 3824 magis
1179 3721 1350 3798 idoneum
1381 3726 1423 3797 nt
1461 3723 1497 3796 in
1531 3723 1676 3800 declar.

358 3871 374 3910 a
407 3839 570 3915 Aculeo.
602 3865 724 3942 supra
753 3845 817 3914 cit.
848 3864 889 3914 a.
923 3840 1009 3915 104
1039 3847 1075 3915 et
1103 3841 1140 3915 in
1168 3841 1243 3917 alia
1270 3842 1454 3917 declarat.
1486 3867 1610 3943 supro
1638 3843 1677 3920 d.

358 3985 374 4026 »
407 3984 490 4058 cop.
527 3958 583 4034 18
612 3983 706 4057 quae
734 3958 789 4033 sic
817 3959 882 4032 ait:
914 3985 992 4032 aava
1024 3969 1190 4062 spectare
1219 3962 1268 4035 ud
1295 3966 1584 4036 amaminotorcs
1613 3963 1682 4038 sad

357 4108 374 4149 >
406 4077 459 4151 od
485 4075 716 4181 Epe'mopum
744 4079 886 4180 eligere
914 4106 961 4153 aa
989 4079 1210 4180 approbatis
1239 4087 1370 4182 magis
1400 4082 1596 4157 idoneum.
1631 4081 1681 4157 Et

359 4223 376 4266 a
408 4194 448 4270 in
475 4196 551 4270 alia
579 4195 722 4272 Peras.
755 4207 791 4271 et
821 4195 1063 4270 Boratinon.
1087 4221 1181 4297 quae
1201 4197 1255 4272 sic
1273 4198 1340 4273 ait:
1365 4198 1558 4274 Sciendum
1578 4199 1678 4296 quod

358 4344 374 4384 a
406 4313 521 4414 aliqui
539 4315 810 4390 examinatores
825 4316 1116 4415 praetendebant
1131 4316 1175 4390 ad
1193 4341 1256 4391 eos
1271 4325 1437 4417 spectare
1454 4317 1677 4392 idoneiorem

361 4465 376 4502 »
408 4434 557 4534 eligere,
590 4449 626 4510 et
654 4434 712 4509 ita
736 4437 779 4509 de
812 4433 909 4508 facto
940 4435 1060 4534 plures
1090 4433 1242 4510 fuerunt
1270 4437 1430 4536 provisi,
1463 4437 1597 4535 quibus
1631 4461 1677 4511 ex

359 4585 376 4624 2
410 4553 534 4660 gratia
562 4555 670 4632 Srirus
699 4553 894 4630 mandavit
923 4565 961 4627 ut
989 4555 1204 4653 expedirent
1222 4579 1339 4630 novas
1361 4555 1604 4656 provisiones.
1628 4557 1679 4634 Et
