3674 5210
647 245 786 298 srrsrom
813 247 974 296 currerim
1431 227 1469 296 51

156 371 232 426 sum
263 344 301 424 in
331 369 376 425 88
404 353 473 438 881,
507 352 548 422 81
574 372 676 424 suam
707 347 924 425 catholicam
950 348 1072 439 fidem,
1097 369 1273 449 suamque
1293 371 1383 448 erga
1402 349 1479 424 Nos

154 468 400 545 obedientiam
428 471 467 544 et
494 468 605 543 semel
636 470 674 543 et
702 468 849 558 iterum,
889 493 1024 566 magno
1062 470 1258 544 verborum
1297 455 1478 567 apparatu

156 618 196 668 ao
222 591 424 686 lenocinio,
454 589 685 692 profiteatur.
717 593 811 668 'lum
849 590 931 668 iura
969 617 1036 667 sua
1072 593 1169 668 tueri
1212 617 1254 667 ac
1296 592 1486 668 vindicare

153 715 324 800 conatur,
353 712 432 786 tam
460 710 580 809 quoad
607 709 861 810 episcoporum
891 710 1118 798 electionem,
1152 735 1262 809 quam
1292 710 1390 787 circa
1410 711 1486 784 bla-

152 827 350 920 labariam;
378 854 423 906 ea
451 852 579 905 rursus
606 832 818 929 repetendo,
850 854 944 928 quae
975 829 1112 929 pluries
1140 829 1268 906 iisdem
1296 828 1341 905 de
1375 830 1486 904 rebus

154 957 195 1030 ed
238 954 316 1030 Nos
352 953 568 1055 scripserat;
606 952 847 1030 dissimulatis
883 964 1009 1030 tauren
1047 957 1085 1029 et
1122 955 1272 1030 omnino
1309 952 1488 1056 neglectis

153 1072 457 1175 responsionibus
485 1098 595 1173 quae,
628 1081 668 1148 ut
687 1097 831 1179 omnem
871 1071 1056 1150 iustitiam
1076 1074 1325 1174 impleremus,
1350 1074 1389 1149 in
1411 1096 1488 1148 mo·

154 1193 305 1271 nitoriis
332 1193 480 1271 Nostris
509 1191 641 1268 litteris
670 1194 704 1269 81
733 1195 841 1268 datae
870 1191 1032 1269 fuerant.
1078 1193 1148 1269 His
1192 1192 1329 1268 multas
1370 1191 1482 1283 addit,

152 1315 282 1390 eadem
310 1336 457 1415 semper
485 1313 669 1405 iterando,
691 1312 940 1413 querimonias
959 1315 1085 1414 eontra
1109 1311 1367 1389 Missiouarios
1386 1313 1488 1413 Apo-

152 1433 321 1524 stolioos3
352 1431 391 1508 in
418 1456 512 1534 quos
542 1455 615 1508 uon
654 1432 779 1508 minus
816 1429 1042 1509 calumniose
1079 1457 1186 1533 quam
1224 1433 1481 1523 inverecunde,

152 1552 369 1629 chaldaicae
397 1551 690 1653 perturbationis
718 1574 866 1626 causam
897 1551 1057 1628 confert.
1090 1552 1231 1629 Deinde
1263 1553 1336 1628 Nos
1374 1551 1487 1630 ohse-

153 1697 259 1751 orare
286 1695 360 1748 non
390 1677 553 1760 veretur,
587 1678 629 1745 ut
656 1669 957 1771 approbationem
1000 1671 1170 1746 Nostram
1211 1669 1489 1747 manifestemus

152 1794 198 1868 ad
225 1789 315 1882 hoc,
345 1796 388 1868 ut
415 1788 583 1891 Episcopi
615 1788 809 1880 chaldaici,
842 1789 936 1865 ritus
955 1791 1001 1867 ab
1021 1815 1064 1865 eo
1085 1791 1124 1866 in
1144 1790 1384 1866 Malahariam
1406 1813 1488 1867 suc-

153 1917 296 1993 cessive
324 1913 541 1991 mittantur.
574 1917 727 1990 hemum
756 1913 917 1991 affirmat
944 1916 1175 2016 propositum
1207 1915 1273 1990 sibi
1303 1915 1489 2006 8888811·

154 2062 246 2140 quos
277 2037 404 2114 esuis
446 2035 637 2137 Episcopis
677 2040 763 2138 post
803 2037 972 2136 hyemale
1013 2042 1161 2140 tempus
1203 2063 1421 2126 convocare,
1453 2047 1490 2114 et

153 2161 439 2239 oouiruunicatis
467 2185 549 2236 cum
579 2160 709 2237 iisdem
742 2164 889 2237 Nostris
911 2165 1094 2240 mandatis
1117 2166 1341 2240 uimuimiter
1360 2166 1487 2239 decer-

154 2307 244 2359 nere
275 2283 364 2381 quid
391 2283 490 2357 18818
517 2305 610 2384 opus
638 2281 701 2371 sit;
732 2282 769 2358 id
807 2288 932 2359 autem
975 2283 1089 2360 Nobis
1131 2308 1170 2359 se
1212 2284 1487 2385 quamprimum

153 2404 471 2509 significaturum.

232 2529 301 2606 22.
337 2526 484 2621 Videte,
517 2529 612 2605 Ven.
644 2529 793 2605 Fratres
822 2556 865 2606 ac
892 2530 1014 2608 dilecti
1046 2531 1154 2622 Filii,
1189 2537 1311 2608 utrum
1341 2539 1424 2632 post
1448 2555 1493 2606 ea

153 2675 248 2750 quae
283 2651 318 2725 iu
347 2649 651 2750 praecedentibus
682 2650 830 2726 Nostris
857 2650 995 2727 litteris
1019 2653 1206 2742 dixirim,
1239 2651 1387 2750 aliquod
1432 2675 1491 2726 re-

152 2794 331 2870 sponsum
378 2768 466 2846 huic
507 2774 715 2869 postremae
743 2771 822 2846 eius
859 2770 1035 2871 epistolae
1082 2772 1232 2872 reddere
1278 2771 1487 2872 possiums:

156 2902 284 2965 monet
312 2889 409 2964 enim
439 2887 563 2964 divina
592 2889 783 2989 Sapientia
811 2889 884 2993 (l),
919 2890 967 2964 ibi
998 2890 1261 2967 effundendum
1309 2914 1381 2965 non
1409 2913 1490 2963 esse

152 3031 380 3098 sermonem,
406 3005 468 3084 ubi
498 3007 647 3083 auditus
673 3032 746 3084 non
774 3014 844 3084 est.
866 3010 943 3112 lpse
971 3012 1115 3110 quidem
1138 3011 1357 3089 Patriarcha
1376 3013 1493 3088 multa

155 3151 195 3203 se
224 3150 375 3228 passum
406 3130 672 3202 commemorat
700 3129 746 3202 oh
773 3131 946 3205 tuendam
976 3155 1020 3206 ac
1056 3133 1333 3232 propagandam
1366 3133 1494 3206 calho-

155 3244 267 3323 licam
298 3248 433 3337 fidem,
462 3247 502 3322 et
528 3245 611 3322 ideo
640 3246 771 3322 maiori
801 3272 883 3323 cum
902 3273 946 3325 eo
964 3248 1022 3324 usi
1051 3274 1178 3325 sumus
1199 3249 1393 3350 patientia,
1420 3254 1493 3328 ble-

156 3365 313 3442 minerit
339 3371 486 3456 autem,
518 3389 599 3441 eum
630 3365 692 3464 qui
721 3367 792 3441 etsi
823 3370 940 3443 totam
968 3368 1086 3469 legem
1117 3369 1344 3464 servaverit,
1375 3371 1495 3448 oileu-

158 3487 223 3562 dat
253 3487 381 3563 autem
410 3484 449 3560 in
478 3507 572 3576 uno,
603 3483 740 3561 laetum
777 3511 858 3561 esse
899 3487 1063 3564 omnium
1111 3513 1214 3564 reum
1256 3489 1339 3592 (2):
1373 3516 1494 3592 neque

159 3631 242 3680 eum
274 3603 338 3705 qui
367 3604 578 3702 inceperit,
610 3608 673 3681 sed
701 3605 766 3705 qui
796 3606 1091 3707 perseveraverit
1129 3633 1245 3708 usque
1286 3609 1324 3684 iu
1353 3610 1490 3697 finem,

159 3725 263 3799 huno
291 3723 435 3800 salvum
465 3724 554 3800 fore.
578 3724 673 3813 Quid
702 3729 745 3802 de
770 3725 831 3801 his
850 3728 1043 3805 dicendum
1075 3755 1169 3830 quae
1189 3732 1366 3807 adversus
1401 3731 1494 3810 Mis-

159 3845 345 3921 sionarios
373 3845 571 3945 congerit'l
605 3846 847 3947 Exploratum
889 3851 1002 3925 Nobis
1031 3857 1119 3941 est,
1152 3875 1213 3928 888
1242 3851 1319 3927 8818
1367 3877 1496 3927 mune-

160 3963 265 4038 ribus
292 3961 462 4065 religiose
491 3963 596 4066 fungi
622 3989 630 4038 τ
662 3966 692 4039 si
721 3966 808 4064 quid
838 3971 964 4043 autem
993 3969 1039 4044 ab
1067 3967 1121 4042 818
1151 3993 1263 4069 prave
1298 3968 1379 4044 fieri
1406 3993 1495 4046 oon-

162 4079 297 4180 tingat,
329 4082 517 4158 deferatur
558 4085 602 4160 ad
644 4085 751 4176 Nos,
783 4090 861 4161 tota
890 4085 943 4161 rei
974 4089 1068 4163 serie
1094 4087 1292 4190 diligenter
1321 4094 1358 4165 81
1385 4114 1494 4166 accu-

163 4206 243 4275 rate
271 4202 468 4303 exposita;
499 4226 617 4303 neque
645 4203 767 4279 debito
793 4205 977 4282 deerimus
1005 4208 1175 4284 reddendi
1207 4209 1407 4308 unicuique
1436 4210 1494 4284 ius

165 4339 287 4395 suum.
319 4319 436 4422 Vagis
464 4324 588 4396 autem
632 4323 930 4399 accusationibus
972 4321 1098 4402 faciles
1140 4351 1250 4402 aures
1291 4351 1496 4404 accommo-

235 4501 277 4576 (1)
297 4505 381 4557 Eccll.
399 4505 518 4560 11111111.
535 4503 563 4562 6.

236 4587 278 4660 (2l
297 4592 443 4644 18881811.
460 4589 504 4646 10.
