3674 5210
367 239 404 317 {8
859 265 1000 322 urrerem
1025 267 1188 322 suerrum

361 367 533 443 lemniter
560 363 633 444 fuit
673 371 1039 463 excommunicatus;
1070 373 1363 472 quandoquidem
1411 369 1578 450 intrusus
1626 365 1687 450 ille

361 487 536 564 canonice
564 489 742 579 monitus,
775 496 817 566 ut
844 489 945 567 illinc
973 491 1103 580 abiret,
1135 495 1280 569 obedire
1310 499 1509 571 recusavit.

450 603 510 684 17.
542 609 613 684 Diu
643 614 878 711 expectatum
910 609 1153 686 Patriarcbae
1183 636 1394 712 responsum
1417 612 1476 716 (l)
1497 613 1586 688 satis
1607 635 1691 711 pro-

363 726 476 818 bavit,
496 729 594 806 nolle
621 754 703 806 eum
734 729 965 830 acquiescere
987 729 1253 807 monitionibus
1273 733 1447 808 Nostris:
1479 736 1577 809 totus
1591 732 1690 808 euim

362 845 399 920 in
428 871 471 921 eo
498 853 581 925 erat
609 855 650 923 ut
677 849 761 924 fidei
790 873 878 926 suae
905 849 1160 952 integritatem
1190 861 1385 939 assereret,
1410 875 1693 953 suamqueerga

363 968 609 1070 Apostolicam
639 971 684 1046 Β.
719 971 823 1046 Petri
850 971 1076 1049 Gathedram
1093 972 1323 1048 ‹levotionem
1345 980 1383 1046 et
1406 971 1691 1048 submissionem

362 1087 612 1190 profiteretur,
636 1089 745 1166 simul
776 1097 899 1166 tamen
927 1096 1123 1192 praetensa
1142 1115 1210 1165 sua
1227 1090 1495 1192 patriarchalia
1514 1093 1596 1168 iura
1611 1095 1693 1166 tue-

362 1209 495 1297 retur3
543 1216 580 1283 et
607 1233 674 1283 nos
702 1206 903 1310 flagitaret,
936 1215 979 1283 ut
1005 1207 1131 1282 iisdem
1160 1210 1358 1309 tranquille
1387 1233 1471 1285 eum
1510 1207 1581 1284 hui
1614 1233 1691 1308 per

363 1325 613 1420 mitteremus,
647 1331 854 1405 revocando
881 1353 977 1429 quae
1003 1328 1100 1404 circa
1131 1325 1371 1404 Malabariam
1406 1331 1446 1404 et
1477 1328 1692 1403 electionem

363 1448 626 1550 Episcoporum
657 1451 702 1525 ab
731 1448 949 1550 Apostolica
976 1448 1066 1524 Sede
1094 1448 1243 1524 decreta
1272 1451 1387 1522 sunt:
1418 1450 1564 1526 demum
1606 1473 1694 1524 suae

364 1567 498 1644 aetatis
526 1567 699 1646 canitiem
743 1577 781 1646 et
817 1569 1028 1646 exantlatos
1069 1594 1092 1644 a
1130 1595 1169 1642 se
1205 1565 1348 1642 labores
1388 1592 1688 1656 commemorans,

367 1689 441 1764 Nos
469 1690 514 1765 ad
542 1688 600 1764 sui
630 1713 790 1791 suaeque
831 1689 955 1791 gentis
993 1687 1345 1765 commiserationem
1389 1687 1588 1764 excitabat.
1635 1687 1695 1762 ln·

364 1809 472 1885 terim
502 1832 737 1910 veronaque
767 1835 788 1884 a
815 1808 1002 1885 sententia
1029 1806 1238 1895 desistebat,
1272 1831 1389 1906 neque
1424 1833 1446 1882 a
1489 1806 1694 1882 temerariis

366 1929 528 2016 ausibus,
563 1930 855 2028 quandoquidem
886 1929 1006 2005 altera
1042 1925 1156 2003 etiam
1203 1927 1283 2002 vioe
1322 1927 1380 2027 epi
1403 1951 1513 2024 cupos
1557 1929 1694 2001 terrere

366 2052 404 2123 et
431 2048 609 2149 sacrilege
636 2071 849 2124 consecrare
877 2073 950 2125 non
979 2046 1246 2136 reformidavit,
1277 2046 1369 2138 duos
1397 2045 1488 2120 alius
1516 2045 1572 2119 sui
1602 2043 1695 2118 ritus

368 2168 599 2268 presbyteros
627 2169 822 2266 Opriaoum
851 2173 890 2243 et
916 2166 1131 2268 Philippum
1150 2165 1335 2254 Iacobum,
1360 2188 1517 2264 quorum
1539 2162 1694 2238 alterum

366 2285 519 2360 dioecesi
549 2284 757 2364 Zalruensi.
792 2285 948 2362 alterum
977 2284 1078 2362 ludis
1106 2285 1332 2374 destinavit,
1367 2281 1625 2358 assistentibus
1659 2289 1696 2355 et

367 2405 649 2505 cooperantibus
678 2404 841 2480 nefariae
868 2404 1135 2481 consecrationi
1165 2401 1349 2503 Episcopo
1378 2401 1520 2476 'l'homa
1549 2401 1691 2490 Rohos,

367 2532 405 2598 et
434 2524 626 2600 Matthaco
653 2531 762 2600 antea
789 2548 855 2624 per
882 2525 1045 2600 eumdem
1077 2521 1333 2598 Patriarcbam
1364 2521 1542 2621 sacrilege
1569 2542 1698 2595 conse-

367 2647 484 2721 crato,
517 2644 689 2720 Profecto
719 2645 794 2720 Nos
824 2644 1145 2720 uehementissime
1173 2642 1356 2718 doluimus
1384 2643 1693 2733 considerantes,

368 2787 440 2863 quo
470 2765 674 2839 miserrime
702 2763 895 2842 devenerit
922 2787 1120 2866 pravorum
1149 2762 1311 2838 consiliis
1340 2768 1445 2837 actus
1473 2763 1569 2836 idem
1596 2761 1693 2836 Ven.

369 2884 498 2959 Frater
520 2883 693 2984 Iosephus
714 2884 949 2976 Patriarcba,
973 2883 1037 2986 qui
1058 2883 1145 2960 olim
1165 2881 1368 2960 catholicae
1388 2881 1469 2957 tidei
1485 2887 1522 2954 et
1541 2880 1698 2958 unitatis

371 3007 680 3084 studiosissimum
710 3033 749 3082 se
776 3006 959 3084 exhibuit.
993 3012 1046 3083 Ac
1075 3029 1183 3108 porro
1224 3006 1455 3107 cogitantes,
1491 3003 1701 3078 misericor-

368 3134 465 3210 diam
495 3156 569 3207 nou
598 3131 803 3222 remissam,
836 3134 898 3209 sed
926 3156 1007 3208 eum
1036 3131 1172 3208 iudicio
1200 3153 1279 3204 esse
1307 3129 1451 3218 debere3
1478 3151 1524 3202 ne
1544 3129 1575 3200 si
1591 3125 1699 3202 inor-

369 3252 491 3328 dinate
518 3251 624 3352 culpa
651 3251 864 3343 dimittitur,
896 3251 928 3327 is
955 3251 1017 3351 qui
1037 3257 1093 3326 cst
1119 3247 1310 3350 culpabilis
1340 3248 1379 3323 iu
1408 3253 1512 3323 reatu
1548 3247 1699 3346 gravius

368 3371 650 3472 alatringatur3
681 3394 799 3470 neque
828 3371 1097 3447 misericordiae
1125 3395 1224 3457 esse,
1259 3369 1319 3443 sed
1369 3371 1530 3469 torporis
1567 3375 1604 3442 et
1644 3393 1696 3444 so·

369 3489 512 3568 cordiae
539 3488 676 3589 aliquid
705 3490 906 3594 indulgere,
939 3491 1036 3592 quod
1074 3491 1183 3566 unius
1226 3489 1281 3564 vel
1313 3487 1473 3588 plurium
1502 3486 1610 3564 libito
1643 3511 1700 3562 sa·

368 3605 542 3696 ttsfaoiat,
577 3607 773 3683 multorum
803 3611 927 3685 autem
970 3607 1081 3684 saluti
1110 3609 1243 3683 damno
1279 3610 1318 3682 et
1364 3607 1478 3682 exitio
1530 3604 1698 3681 futurum

369 3728 430 3820 sit,
463 3727 555 3802 alias
582 3729 628 3804 ad
656 3727 775 3828 ipsum
805 3729 1065 3804 Patriarcham
1106 3728 1243 3802 dandas
1279 3725 1423 3802 litteras
1461 3725 1696 3817 censuimus,

369 3845 569 3948 inquibus
599 3847 884 3925 misericordiam
912 3854 950 3922 et
978 3847 1154 3923 iudicium
1185 3845 1489 3946 pariterservarc
1513 3843 1697 3933 volentes,

369 3970 585 4047 summatim
614 3973 836 4048 recoluimus
863 3995 957 4071 quae
986 3973 1032 4046 ab
1060 3995 1102 4045 eo
1131 3995 1321 4071 perperam
1351 3968 1449 4046 facta
1480 3967 1629 4042 fueraut
1664 3975 1702 4042 et

369 4090 518 4182 fiebant,
552 4091 772 4166 inanitatem
802 4091 988 4166 rationum
1017 4090 1150 4189 quibus
1178 4113 1216 4163 se
1246 4087 1339 4164 tueri
1361 4088 1562 4162 conabatur
1597 4095 1703 4186 pate·

369 4209 489 4288 facere
518 4211 714 4304 voluimus
748 4212 926 4311 illumque
954 4235 1081 4286 rursus
1103 4235 1262 4298 murore,
1291 4215 1329 4282 ut
1353 4205 1571 4308 :tpostoliois
1601 4231 1703 4282 mon·

369 4330 466 4408 datis
496 4334 640 4408 tandem
670 4333 866 4434 aliquando
911 4353 977 4431 pro
1006 4355 1072 4405 suo
1101 4331 1223 4404 deluto
1269 4329 1461 4414 obediret.;
1492 4327 1587 4425 quod
1632 4326 1702 4400 uisi

370 4455 643 4555 quamprimum
671 4453 821 4543 faceret,
854 4451 1165 4528 denunciabamus
1196 4449 1271 4524 Nos
1304 4447 1490 4522 abstinere
1507 4468 1581 4520 non
1596 4469 1704 4546 posse

442 4605 480 4688 (1)
500 4613 573 4665 lost.
589 4611 646 4666 det.
664 4607 710 4660 dre
733 4611 767 4670 20
787 4609 935 4662 Februarii
959 4606 1027 4660 tatu
