3674 5210
696 179 862 232 rtnncnrm
1422 170 1459 243 6!

132 275 311 359 malornm
339 283 418 360 tam
448 285 619 386 gravium
647 282 793 384 lateque
822 287 1029 384 patentium
1060 281 1217 365 humiles
1256 316 1380 391 preces
1421 322 1467 372 ex

134 406 262 482 intimo
291 408 416 481 animo
444 404 651 482 effundant.
685 402 857 502 Excipiet
886 411 927 480 ut
955 405 1109 481 tirmiter
1128 409 1357 504 confidimus
1381 439 1468 492 ora-

132 527 272 604 tionem
294 523 423 628 populi
442 525 486 600 ad
505 548 544 599 se
564 524 758 600 clamantis
777 523 891 615 Deus,
916 525 975 600 cui
989 525 1259 628 beneplacitum
1279 535 1467 634 estsuper

134 647 310 722 timentes
338 645 448 736 Eum,
484 651 520 720 et
548 647 586 724 in
615 644 668 720 eis
696 646 757 742 qui
786 645 939 745 sperant
958 669 1070 744 super
1090 648 1338 725 misericordia
1360 651 1466 732 Eius,

211 767 412 846 Caeterum
441 764 680 842 Venerabiles
708 765 857 842 Fratres
892 764 1142 842 confortemur
1175 767 1212 842 in
1243 769 1402 847 Domino
1430 777 1470 850 et

133 887 171 963 in
201 886 368 987 potentia
387 886 538 962 virtutis
557 887 663 978 liius,
686 891 798 986 atque
818 883 940 960 induti
959 889 1185 961 armaturam
1208 887 1288 976 Dei,
1317 887 1469 967 loricam

135 1005 303 1082 iustitiae
323 1012 361 1081 et
379 1011 525 1081 scutum
543 1003 643 1092 fidei,
662 1001 885 1104 praeliemur
901 1008 1051 1080 strenue
1071 1029 1114 1078 ac
1129 1001 1278 1082 fortiter
1293 1009 1470 1086 adversus

137 1129 359 1226 potestatem
390 1124 640 1212 tenebrarum,
664 1133 702 1198 et
728 1123 933 1223 nequitiam
954 1121 1066 1198 huius
1099 1124 1247 1202 saeculi.
1270 1127 1344 1204 Iam
1372 1135 1471 1206 certe

137 1245 302 1322 studium
333 1244 458 1320 omnia
487 1241 661 1322 miscendi
689 1242 1002 1344 perturbandique
1040 1268 1082 1320 eo
1119 1244 1290 1340 devenit,
1324 1253 1364 1324 ut
1393 1263 1471 1327 tor-

139 1366 255 1442 rentis
284 1365 403 1442 instar
430 1366 555 1442 omnia
583 1389 621 1438 se
649 1363 689 1438 in
717 1385 890 1466 praeceps
917 1367 1124 1440 tracturum
1163 1365 1374 1458 minitetur,
1404 1393 1473 1444 nec

137 1485 247 1590 pauci
278 1483 399 1562 exiis
428 1491 696 1584 quinovarnm
726 1508 850 1561 rerum
880 1487 1049 1561 auctores
1077 1490 1143 1561 aut
1177 1485 1342 1571 fautores
1377 1491 1475 1566 exti-

135 1611 268 1682 terunt
294 1609 508 1708 respectant
536 1603 750 1697 conterriti,
784 1605 906 1706 operis
933 1604 1002 1708 ipsi
1032 1605 1089 1682 sui
1118 1606 1357 1688 formidantes
1386 1609 1475 1686 effe·

137 1731 237 1805 ctus.
275 1727 325 1802 At
353 1728 452 1803 Deus
482 1725 682 1802 Nobiscum
711 1730 766 1803 est
794 1726 939 1826 eritque
968 1749 1083 1826 usque
1112 1728 1157 1802 ad
1186 1731 1475 1806 consummatio-

136 1873 225 1924 nem
256 1846 394 1923 saeculi
440 1845 657 1922 Timeudum
686 1847 745 1922 est
770 1841 818 1921 iis
845 1844 1041 1946 dequibus
1061 1844 1241 1946 scriptum
1266 1852 1321 1923 est
1343 1877 1362 1920 ‹
1385 1846 1475 1924 Vidi

136 1994 200 2045 eos
233 1968 296 2067 qui
327 1969 529 2066 operantur
559 1964 793 2065 iniquitatem
821 1968 861 2040 et
888 1964 1074 2040 seminant
1091 1963 1234 2042 dolores
1262 1970 1301 2043 et
1329 1972 1476 2042 metunt

136 2114 201 2166 eos
232 2087 348 2164 flante
369 2085 445 2162 Deo
473 2085 638 2186 periisse,
659 2087 697 2160 et
715 2083 849 2186 spiritu
868 2082 945 2160 irae
961 2083 1052 2160 Eius
1071 2109 1149 2159 esse
1177 2090 1427 2187 consumptos.
1455 2115 1474 2156 s

137 2211 192 2284 At
221 2208 343 2285 Deum
373 2203 592 2280 timentibus
619 2208 658 2280 et
682 2203 915 2282 certantibus
950 2204 992 2279 in
1028 2203 1175 2281 nomine
1213 2205 1328 2305 ipsius
1365 2204 1477 2280 acin

139 2327 234 2404 Eius
264 2324 431 2428 potentia
458 2324 691 2425 sperantibus
720 2322 970 2400 misericordia
996 2328 1034 2397 et
1059 2325 1280 2426 praesidium
1310 2349 1478 2402 reserva-

137 2456 221 2525 tum
251 2451 325 2538 est,
357 2467 476 2546 neque
503 2444 744 2520 dubitandum
772 2443 862 2544 quin
891 2466 974 2517 curn
1011 2441 1103 2518 Eius
1141 2443 1191 2519 sit
1218 2469 1355 2540 censa,
1386 2444 1479 2520 Eius

138 2576 191 2652 sit
218 2595 365 2678 pugna,
397 2569 478 2673 lpse
505 2575 690 2646 certantes
717 2567 869 2646 adiuvet
897 2569 944 2645 ad
974 2565 1183 2645 victoriam.
