3670 5222
474 283 658 332 concenturi:
684 286 802 332 lituum!
829 287 865 332 er
890 285 1131 332 couoonunonis
1402 253 1464 336 137

145 383 348 482 Bonifocii
383 384 480 462 VIII
500 385 710 469 decretum,
731 385 834 488 quod
860 385 903 463 S.
929 385 1113 484 Sunodus
1142 390 1185 460 in
1224 411 1341 462 usum
1370 409 1478 458 reeo-

144 517 215 582 cat.
236 529 316 578 non
345 505 580 580 obstantibus
608 504 913 606 quibuscumque
940 511 1097 580 statutis
1124 515 1159 580 et
1186 507 1478 582 eoresuetudini·

145 626 226 701 bus.
254 654 273 696 e
295 625 374 700 Hoc
401 625 482 702 loco
510 624 773 702 animadvertit
800 623 940 701 Bened.
963 626 1052 702 XIV
1081 623 1178 702 Inst.
1203 627 1289 703 107
1320 628 1345 723 g
1374 624 1473 704 42»

143 745 218 820 duo
246 751 428 821 noorinot
447 743 666 821 Concilium
685 769 819 848 nempe
838 745 1105 830 collusionem,
1126 775 1170 821 ac
1189 753 1475 823 remissionem.

144 865 285 940 Primo
313 872 437 940 euenit
464 866 617 966 quando
646 865 759 940 claro
787 865 977 968 adscrepii
994 872 1154 943 inuicem
1183 873 1413 942 conueniunt
1433 867 1480 944 de

142 1008 220 1061 non
248 986 434 1061 notandis
454 986 655 1070 absentiis,
675 991 852 1086 quamvis
872 985 1043 1061 absentes
1063 1011 1197 1061 reuera
1213 991 1378 1087 fuerint.
1408 987 1424 1059 l
1435 991 1480 1060 'e-

142 1112 277 1183 missio
305 1118 395 1180 tune
423 1105 601 1187 liabetur,
622 1129 711 1179 cum
730 1129 831 1206 pars
857 1129 938 1180 una
956 1115 1086 1206 sponte
1115 1131 1159 1180 ac
1178 1111 1261 1180 sine
1288 1107 1369 1181 ulla
1391 1130 1475 1180 uon·

142 1232 317 1300 ventione
355 1225 650 1302 distributiones
678 1223 923 1325 quotidianas
962 1225 1080 1300 alteri
1101 1232 1213 1328 parti
1258 1235 1418 1302 remittit
1445 1238 1478 1300 et

143 1345 345 1446 relinquit.
374 1343 581 1446 Utramque
611 1342 652 1418 S.
682 1341 901 1418 Concilium
929 1351 1165 1445 araoisse'me
1203 1345 1392 1446 improbat
1421 1357 1480 1421 at·

143 1491 215 1565 qne
244 1466 459 1544 interdicit,
479 1469 659 1564 quarn-cis
688 1472 815 1538 autem
846 1462 886 1537 id
912 1488 1088 1540 seuerum
1126 1472 1245 1540 uinus
1282 1467 1476 1551 videatur,

141 1596 185 1659 ul
213 1587 330 1660 alteri
356 1585 500 1658 donare
526 1608 601 1657 nem
634 1585 746 1656 liceat
772 1606 845 1666 aa,
889 1607 988 1684 quae
1015 1586 1093 1659 sibi
1119 1592 1246 1688 quiuis
1274 1613 1476 1688 compsera-

141 1713 213 1790 oit,
234 1716 363 1780 tamen
388 1705 608 1805 parendum
636 1707 794 1777 onenino
823 1713 893 1787 est,
914 1729 1002 1779 cum
1021 1705 1111 1780 baec
1130 1711 1239 1781 iussa
1269 1707 1476 1794 indiceret,

142 1833 212 1928 qui
242 1824 474 1902 decernendi
497 1823 725 1923 facultatem
752 1819 968 1898 babebat.»

251 1945 302 2021 nt
329 1945 465 2022 Sunrez
500 1943 604 2020 Tam.
627 1939 675 2018 II
696 1939 753 2018 De
786 1943 912 2044 Retro.
936 1945 1003 2020 lib.
1028 1945 1056 2022 4
1085 1946 1264 2022 delearis
1294 1952 1472 2024 canonio.

144 2093 229 2168 cop.
254 2066 312 2141 10
341 2091 380 2139 n.
403 2063 463 2141 20
493 2064 529 2142 S.
555 2065 866 2170 Congregationis
894 2068 1078 2145 decretum
1110 2065 1167 2140 his
1199 2065 1319 2142 verbis
1348 2068 1471 2146 condi·

141 2195 222 2264 turn
255 2195 433 2263 recenset:
459 2211 477 2254 a
499 2181 591 2260 Non
619 2187 704 2261 licet
737 2188 915 2292 Capitale
944 2187 1075 2289 aliquo
1095 2197 1304 2290 praetentu
1342 2188 1478 2262 distri·

143 2310 318 2382 butiones
346 2306 594 2407 qicotielianas
623 2305 782 2390 donare,
805 2309 1036 2408 relinquere,
1071 2319 1140 2384 out
1180 2313 1318 2410 quaeis
1360 2309 1479 2380 collu-

142 2435 252 2503 sione
280 2435 473 2502 remittere
501 2428 636 2511 alicui,
658 2436 726 2528 qui
752 2427 798 2502 ab
827 2427 1003 2504 ecclesiae
1020 2434 1178 2502 servitio
1215 2429 1401 2528 abfuerit,
1422 2428 1480 2501 nel

143 2550 220 2622 alio
249 2553 383 2650 qeeoais
411 2547 523 2622 modo
550 2547 841 2623 distributiones
888 2547 1085 2649 leuitimas
1128 2553 1305 2622 amittere
1333 2546 1478 2632 debeat·

142 2693 211 2741 nec
234 2672 303 2767 sas
329 2673 381 2742 sit
407 2673 599 2768 cuispiam
627 2692 692 2743 eas
719 2675 897 2769 recipere,
939 2677 974 2742 et
1009 2673 1047 2742 si
1087 2675 1270 2769 receperit
1307 2692 1401 2742 suas
1431 2692 1478 2740 ne

139 2789 277 2888 faciat,
298 2786 366 2860 sed
392 2811 456 2860 eas
486 2792 690 2862 restituere
717 2792 875 2861 omnino
904 2797 1080 2888 conaretur.

250 2905 357 2982 Hanc
383 2904 498 2980 fuisso
527 2927 656 2979 revera
685 2907 828 3006 praxim
859 2906 897 2982 S.
920 2905 1227 3008 Congregationis
1245 2906 1402 2986 Concilii
1421 2906 1477 2982 fn·

143 3025 211 3103 cile
238 3023 424 3126 colligitur
451 3048 497 3100 ex
527 3049 639 3099 causa
666 3025 871 3102 Terracinae
900 3027 970 3101 diei
1004 3024 1051 3102 13
1080 3027 1158 3102 lan.
1187 3026 1288 3101 1624
1307 3053 1401 3128 quae
1424 3053 1480 3102 re-

144 3147 262 3222 fertur
282 3147 320 3222 in
339 3144 403 3220 lib.
437 3143 495 3221 12
514 3143 663 3221 Decret.
675 3149 774 3248 pay.
798 3145 884 3221 149
911 3177 927 3216 ‹
952 3146 999 3220 ibi
1033 3147 1190 3223 -Saara
1221 3146 1479 3250 Conyreqatio

145 3272 293 3344 censuit
318 3265 559 3342 Canonioum
575 3273 636 3340 uti
645 3274 901 3368 proponitur,
922 3267 1110 3342 absentem
1125 3275 1313 3370 purcctari
1331 3267 1480 3350 debere,

144 3411 210 3460 neec
239 3389 353 3461 licere
385 3384 590 3462 Carionicis
618 3387 751 3461 eadem
772 3397 934 3488 puncta,
957 3412 1025 3463 seu
1063 3389 1310 3488 qecotidiunas
1350 3388 1480 3463 distri-

148 3508 322 3582 butiones
351 3511 544 3581 remittere
572 3516 639 3578 aut
668 3506 1006 3590 condonarentur
1035 3506 1228 3582 eiusmodi
1247 3507 1479 3580 collusiones

149 3637 217 3702 aut
249 3631 497 3700 remissienes
516 3648 689 3726 prorsus
716 3627 922 3702 sustulerit
949 3625 1120 3700 eiusdem
1157 3623 1322 3702 Concilii
1351 3623 1479 3698 decre·

146 3755 286 3823 ium.»

255 3863 315 3940 Ex
344 3865 452 3939 rebus
480 3885 580 3939 nuno
607 3863 806 3963 praeiactis
835 3861 954 3938 facilis
981 3862 1100 3939 illatio
1128 3863 1345 3940 descendere
1373 3865 1478 3940 vide·

147 3988 207 4059 tur
234 3985 329 4084 quod
357 3982 552 4060 moventio
573 3984 612 4059 in
641 3983 803 4058 themate
824 3983 1016 4082 adprobari
1036 3977 1209 4082 nequem,
1235 3989 1362 4084 utpote
1382 4007 1477 4082 quae

148 4101 186 4180 S.
209 4099 376 4182 Concilio
404 4099 507 4177 Trid.
532 4099 711 4199 refragari
734 4103 912 4176 videatur.
937 4099 989 4176 ut
1006 4125 1050 4176 eo
1072 4101 1192 4176 minus
1211 4103 1474 4178 attendendum

148 4221 318 4322 estquod
346 4217 566 4296 Ordinerius
585 4219 715 4294 retulit
736 4221 851 4295 aiens:
875 4224 1067 4320 quamdam
1089 4219 1203 4298 fuisse
1223 4221 1355 4296 initam
1375 4245 1476 4298 com-

147 4341 400 4443 pensationem
429 4341 525 4416 inter
552 4340 765 4442 Capitulum
797 4345 834 4416 et
862 4343 1089 4420 (banonicum
1122 4343 1164 4417 Β.
1188 4341 1248 4417 hio
1267 4341 1365 4418 enim
1396 4341 1476 4441 plu·

147 4462 280 4538 rimum
309 4461 353 4538 de
383 4460 531 4561 proprio
558 4461 717 4538 contulit
745 4462 782 4535 in
813 4463 1120 4536 restaurationem
1150 4462 1353 4538 Ecclesiae.
1379 4463 1475 4534 ideo-

148 4605 217 4681 que
244 4583 291 4658 ab
319 4584 446 4658 eodeni
475 4583 629 4658 retineri
657 4607 764 4684 posse
792 4583 1073 4659 distributiones
1104 4583 1262 4659 indebite
1279 4587 1473 4687 perceptas
