3622 5232
538 243 622 292 suren
650 243 849 293 euersosrrus
873 243 1018 324 srsssnun
1377 225 1442 293 1235

201 339 445 430 Quantilatem
475 338 726 442 eleemosynae
763 341 958 444 praefinire
986 342 1024 419 S.
1048 399 1051 410 .
1074 339 1230 418 Concilii
1277 339 1444 443 Congre-

133 463 221 560 patio
247 487 388 563 semper
416 461 687 564 Episcoporum
718 461 884 563 prudenti
915 461 1053 537 iudicio
1080 460 1246 562 reliquit;
1277 463 1363 540 dum
1383 489 1442 541 ne·

132 587 225 680 queat
250 581 285 656 in
316 581 385 656 bac
413 606 452 656 re
479 587 580 656 certa
621 591 659 654 et
700 577 923 657 universalis
961 578 1089 682 regula
1126 579 1307 672 retineri3
1356 582 1441 658 dum

131 700 202 777 alibi
231 701 358 795 maior,
390 699 477 776 alibi
506 699 626 774 minor
654 723 806 775 eaesae
834 699 965 778 debeat
992 699 1099 777 iuxta
1127 697 1445 778 locorumettem·

130 843 242 921 porum
271 819 583 897 circumstantias.
617 819 792 895 Attamen
821 843 888 921 per
915 818 1096 897 eiusmodi
1125 818 1356 897 taxationem
1377 819 1449 898 Sa·

129 941 276 1018 cerdotes
303 941 403 1019 haud
433 945 604 1018 vetantur
645 941 877 1042 pinguiorem
925 941 1093 1041 accipere
1119 939 1390 1042 eleemosynam
1425 965 1448 1018 a

128 1068 241 1162 sponte
268 1061 479 1138 dantibus:
511 1085 577 1136 ceu
625 1059 749 1136 innuit
791 1059 932 1136 Bened.
967 1059 1069 1138 xlv.
1117 1059 1268 1160 Spaod.
1313 1059 1444 1138 Dicae.

128 1180 182 1254 bb.
213 1177 252 1255 5.
283 1205 366 1283 cup.
403 1179 444 1266 9,
476 1203 519 1254 n.
541 1178 626 1257 2.‹
658 1179 734 1254 Neo
762 1178 971 1278 Regulares
998 1181 1121 1256 tamen
1150 1202 1219 1256 uec
1237 1177 1445 1256 saeculares

129 1299 412 1399 »prohibentur
439 1297 645 1373 uberiorem
673 1297 806 1398 stipem
837 1323 859 1374 a
900 1299 1031 1398 sponte
1068 1296 1242 1376 dentibus
1261 1298 1445 1400 accipere,

130 1445 143 1486 ι
169 1418 357 1494 dummodo
370 1414 469 1493 absit
487 1415 605 1508 dolus,
629 1423 666 1493 at
684 1421 938 1518 quodcumque
956 1423 1120 1520 pactum,
1142 1418 1254 1495 etiam
1288 1417 1448 1520 implici-

129 1541 245 1614 ›tum
250 1595 331 1618 .....
364 1535 527 1626 Quodsi
558 1537 725 1614 homines
752 1538 884 1614 divites
911 1543 1031 1614 maius
1072 1537 1296 1643 stipendium
1334 1562 1446 1640 quam

128 1658 238 1750 ›lex,
271 1661 337 1734 aut
356 1658 586 1734 consuetudo
615 1658 846 1760 praescribit,
868 1657 987 1761 gratis
1015 1663 1052 1734 et
1080 1666 1284 1760 spontanee
1312 1657 1446 1736 darent

129 1801 142 1844 s
172 1773 356 1853 Sacerdoti
384 1775 476 1854 illud
503 1775 669 1878 legitime
697 1784 822 1878 posset
850 1779 1018 1878 accipere
1047 1777 1237 1856 Sacerdos.
1274 1808 1293 1850 s

190 1893 331 1984 Quibus
358 1897 588 1997 praenotatis
618 1896 811 1972 remissum
840 1895 912 1972 fuit
940 1893 1020 1972 uu.
1061 1897 1137 1976 CO.
1180 1897 1350 1998 prudenti
1390 1895 1447 1972 iu·

120 2017 204 2093 dicio
232 2021 606 2122 resolverequonam
636 2043 812 2120 responso
841 2020 1061 2097 dimittenda
1090 2031 1213 2098 essent
1232 2021 1447 2122 dubiallpi·

122 2146 214 2248 scopi
242 2147 430 2223 Dioecesis
459 2148 509 2225 R.

328 2318 556 2394 Resonumo.

191 2473 303 2550 Sacra
331 2474 491 2552 Concilii
531 2477 796 2578 congregatio,
831 2505 943 2558 causa
970 2481 1135 2558 discussa
1175 2485 1242 2558 sub
1286 2485 1344 2560 die
1395 2481 1447 2560 13

118 2590 201 2666 Maii
237 2589 349 2680 1876,
382 2597 602 2695 respondere
630 2599 774 2674 censuit
803 2645 824 2654 -
856 2597 991 2676 Dilata
1019 2608 1054 2675 ct
1099 2607 1335 2703 reperiretur
1384 2628 1446 2678 oo·
1481 2605 1482 2608 ’

119 2721 193 2788 lum
219 2715 466 2791 corasulloris.
489 2715 566 2793 Sub
594 2718 653 2794 die
681 2742 769 2793 vero
797 2717 848 2796 27
880 2720 1044 2795 lanuarii
1068 2717 1168 2796 1877
1189 2723 1311 2798 eadem
1335 2723 1373 2799 S.
1397 2724 1441 2803 O.

119 2831 244 2934 Oongr.
277 2833 404 2907 audito
433 2834 667 2912 Oonsultoris
697 2843 809 2922 voto,
842 2863 999 2937 sequens
1041 2841 1152 2916 dabat
1194 2866 1440 2943 responsum:

120 2948 224 3024 Nabal
252 2957 490 3027 innovetur:
521 2963 675 3030 ainana
721 2968 941 3059 opperiatur
980 2959 1118 3034 labello
1166 2967 1205 3033 ia
1240 2960 1446 3048 Ecclesia,

121 3095 188 3168 pua
211 3071 343 3169 fidelos
372 3071 598 3154 doccantur,
628 3075 730 3174 quod
758 3077 840 3152 illis
872 3083 967 3176 ipsis
995 3078 1247 3178 eleemosynis
1274 3105 1355 3154 *arao
1385 3108 1447 3156 cu-

121 3193 218 3264 mlur
246 3189 373 3266 Messa
401 3196 446 3267 s'a
485 3191 546 3268 dr'c
590 3191 980 3291 ,Crisafaemoraa‘oae's
1027 3206 1205 3276 omnium
1247 3201 1446 3280 Faunum

121 3304 392 3407 defunctorum.
426 3339 446 3384 >

320 3490 380 3570 Ex
406 3516 536 3582 numus
563 3519 748 3574 conamus.

191 3677 217 3754 Ι.
249 3681 321 3756 Per
349 3705 472 3755 sacros
500 3680 672 3759 Oenones
701 3683 900 3785 prohiberi,
934 3693 1053 3788 quoad
1083 3691 1336 3794 eleemosynas
1357 3697 1445 3772 mis-

121 3817 244 3889 sarum,
278 3798 457 3898 quidquid
486 3799 531 3877 ad
559 3802 756 3878 avaritiam
788 3806 963 3908 pertinet,
989 3811 1160 3910 quodque
1189 3815 1299 3912 turpe
1321 3817 1446 3918 sapiat

121 3931 322 4015 quaestum:
356 3946 420 3996 ceu
450 3925 539 3998 sunt
568 3923 800 4026 importunae
830 3936 940 4030 atque
968 3929 1166 4009 illiberales
1192 3935 1445 4038 eleemosyna-

124 4057 195 4111 rum
222 4041 446 4117 exactiones.

189 4153 233 4232 Π.
264 4158 424 4234 Proinde
453 4185 475 4234 a
503 4159 584 4238 iure
612 4165 788 4242 canonico
817 4167 916 4244 haud
953 4175 1257 4252 consuetudinem
1297 4177 1443 4256 admitti

128 4270 246 4367 ullam,
276 4303 351 4378 qua
378 4277 484 4354 fieret
511 4289 553 4356 ut
590 4307 656 4382 pro
696 4286 862 4386 pluribus
900 4289 1142 4393 eleemosynis
1182 4320 1258 4373 una
1297 4301 1442 4375 tantum

125 4394 350 4494 applicaretur·
382 4400 526 4478 Missa:
558 4404 687 4503 nequit
715 4409 811 4481 enim
842 4407 1021 4488 Sacerdos
1051 4412 1125 4490 ullo
1147 4419 1252 4494 modo
1267 4441 1340 4494 una
1360 4427 1441 4496 tan·

126 4512 190 4586 tum
218 4517 327 4593 Missa
355 4520 566 4597 satisfacere
594 4547 661 4624 pro
690 4525 857 4626 pluribus
877 4553 943 4631 pro
961 4530 1094 4632 quibus
1112 4536 1284 4638 promisit
1302 4547 1441 4642 sporo·

129 4625 201 4706 lae»
223 4645 252 4711 et
280 4643 321 4714 ia
341 4639 513 4716 solidam
540 4643 739 4724 celebrare
