3622 5240
286 213 326 282 ta
764 235 901 283 smsrots
927 237 1089 284 staremus

283 334 410 411 orbem
436 329 593 409 'diffusae
622 334 819 434 pertinent
851 333 903 410 ita
925 341 965 409 ut
983 335 1169 412 custodita
1197 359 1280 412 cum
1303 337 1478 416 Romano
1506 339 1611 417 Pon-

283 453 383 531 tifice
411 458 485 532 tam
516 453 786 531 communionis
814 479 923 554 quam
954 455 1113 533 eiusdem
1144 456 1226 533 fidei
1254 459 1490 559 professionis
1518 463 1611 538 uni-

284 581 374 665 tate,
399 571 563 652 Ecclesia
589 574 729 650 Christi
758 575 805 648 sit
834 598 929 652 unus
957 599 1046 676 grex
1075 576 1144 652 suh
1173 601 1246 653 uno
1274 601 1417 656 summo
1446 591 1607 682 pastore:

284 691 382 769 hanc
410 704 530 768 autem
560 717 640 771 esse
675 692 879 770 catholicae
922 693 1089 770 veritatis
1125 695 1356 782 doctrinam,
1389 724 1512 800 aque
1539 703 1609 779 de-

286 814 386 891 viare
412 811 516 888 salva
545 811 614 888 lide
642 815 755 912 atque
775 812 895 888 salute
914 835 1022 888 nemo
1040 818 1175 913 potest.
1197 812 1299 902 Quae
1319 815 1462 915 quidem
1484 817 1612 896 orunia

285 935 325 1009 et
342 931 490 1033 singula
508 929 617 1034 plene
646 955 690 1007 ae
717 931 789 1006 rite
817 927 1046 1032 profiteri'te
1077 930 1247 1023 voluisse,
1271 934 1418 1011 concilii
1439 936 1610 1014 Vaticani

283 1048 609 1128 constitutionibus
638 1049 883 1146 adhaerendo,
915 1049 1069 1126 minime
1098 1051 1334 1153 ambigimus.

368 1201 386 1245 ›
417 1171 541 1248 Habes
569 1169 658 1246 hinc
686 1170 783 1246 Ven.
817 1169 960 1262 Frater,
992 1171 1076 1269 quid
1105 1171 1276 1250 Christus
1308 1171 1487 1249 Dominus
1513 1175 1612 1251 cirea

283 1289 555 1368 hierarchicum
584 1287 774 1366 Ecclesiae
800 1292 967 1392 regimen
995 1296 1034 1366 et
1059 1291 1328 1368 ordinationem
1357 1293 1440 1395 lpse
1471 1296 1612 1372 consti-

283 1411 412 1490 tuerit.
445 1409 710 1513 Episcoporum
742 1434 829 1486 vero
862 1411 1026 1513 (quibus
1053 1411 1133 1486 iure
1160 1413 1286 1487 divino
1322 1414 1527 1491 communis
1555 1413 1612 1490 di-

283 1534 408 1634 gnitas
435 1529 517 1633 est)
546 1528 736 1607 distinctio
764 1539 803 1608 et
829 1531 1001 1608 discretio
1031 1531 1223 1631 potestatis
1253 1532 1332 1610 iure
1359 1533 1611 1610 ecclesiastico

285 1653 432 1729 invecta
459 1649 543 1739 mit,
565 1675 614 1724 ae
633 1675 764 1726 omnes
792 1651 869 1726 se'be'
894 1656 1025 1726 emata
1052 1649 1313 1726 vendicarent:
1342 1651 1410 1726 sed
1426 1665 1549 1728 essem
1570 1661 1612 1728 ia

284 1773 458 1874 singulis
478 1775 696 1870 prouinciis
724 1771 893 1873 singuli,
914 1794 1084 1872 quorum
1113 1777 1216 1844 later
1230 1773 1381 1870 fratres
1408 1769 1612 1846 hebetetur

279 1898 417 1996 prime
445 1895 665 1974 sententie,
695 1899 730 1964 et
757 1913 900 1964 rursus
928 1889 1093 1990 quidam
1121 1894 1166 1963 ia
1193 1889 1411 1966 maioribus
1452 1889 1613 1968 urbibus

286 2013 487 2085 constricti
526 2009 830 2084 sollicitudinem
870 2013 1107 2112 susciperent
1134 2007 1364 2110 arreptiorem
1385 2067 1394 2090 ‚
1416 2035 1492 2112 per
1517 2033 1614 2110 quos

287 2131 339 2207 ed
367 2153 489 2202 unam
519 2127 633 2202 Petri
664 2128 800 2204 sertem
830 2128 1064 2204 universatis
1093 2125 1286 2204 Ecclesiae
1317 2153 1414 2204 curo
1450 2127 1614 2227 conflue-

288 2262 376 2334 ret,
408 2257 442 2323 et
469 2249 571 2321 ae'bit
601 2273 766 2348 usquam
794 2272 818 2322 a
845 2273 915 2322 seeo
944 2254 1067 2348 cupite
1104 2249 1313 2324 dissideret
1340 2247 1413 2350 (l).
1444 2247 1502 2324 Ab
1529 2256 1614 2352 ipso

288 2377 390 2446 emm
428 2374 545 2470 quasi
590 2368 757 2469 quodem
792 2373 913 2468 eapite
941 2367 1044 2444 done
1071 2391 1144 2442 sua
1174 2368 1294 2442 coluit
1338 2368 1532 2445 Dominus
1570 2375 1615 2443 ia

288 2514 427 2590 corpus
456 2511 567 2562 omae
595 2512 758 2563 manare
788 2487 863 2592 (2):
894 2496 932 2563 et
959 2511 1089 2564 revera
1117 2489 1164 2564 ab
1192 2487 1247 2563 Eo
1275 2489 1401 2564 eiusve
1430 2513 1617 2566 suecesso-

288 2613 389 2686 ribus
418 2610 577 2684 maiores
604 2607 717 2685 Sedes
749 2609 911 2685 habuere
950 2608 1127 2708 quidquid
1157 2609 1227 2682 rite
1254 2610 1424 2684 obtinent
1463 2609 1616 2685 honoris

287 2735 324 2804 et
353 2726 558 2828 potestatis.
590 2725 773 2814 Quoniam
803 2736 926 2801 autem
958 2727 1096 2801 Beatus
1125 2727 1274 2816 Petrus,
1306 2727 1369 2826 qui
1400 2727 1437 2800 in
1469 2728 1616 2826 propria

289 2850 381 2926 Sede
418 2855 456 2922 et
495 2846 587 2921 vivit
626 2851 664 2922 et
700 2847 885 2948 praesidet
912 2845 987 2942 (3),
1020 2855 1185 2948 praestat
1224 2848 1488 2948 quaerentibus
1532 2847 1615 2923 fidei

288 2969 515 3054 veritatem,
549 2965 714 3066 Eiusque
758 2967 921 3066 dignitas
949 2966 986 3042 in
1026 2969 1294 3044 successoribus
1337 2991 1412 3043 non
1457 2969 1612 3060 deficit,

288 3089 390 3162 vides
421 3087 517 3160 Ven.
542 3084 685 3176 Frater,
710 3083 839 3158 horum
870 3111 951 3160 esse
980 3091 1019 3162 et
1047 3088 1211 3163 debitum
1240 3091 1279 3161 et
1306 3088 1363 3162 ius
1380 3111 1426 3162 ea
1444 3089 1487 3162 de
1507 3111 1616 3188 prae-

289 3207 412 3282 missis
441 3206 660 3296 decernere,
692 3231 785 3304 quae
814 3205 1001 3282 Ecclesiae
1030 3207 1161 3282 bonum
1193 3233 1236 3283 ac
1264 3207 1429 3300 utilitas,
1462 3212 1499 3282 et
1526 3231 1617 3284 vera

288 3327 495 3403 animarum
525 3322 636 3415 salus,
670 3349 765 3428 quae
794 3349 965 3426 suprema
996 3327 1053 3401 lex
1082 3333 1163 3419 est,
1199 3352 1264 3428 pro
1291 3326 1445 3404 diversis
1472 3331 1616 3428 teinpu-

289 3447 391 3522 ribus
420 3469 463 3520 ae
490 3443 650 3520 locorum
681 3445 877 3538 adiunctis,
913 3445 947 3519 in
978 3445 1138 3521 Domino
1167 3445 1434 3549 suggesserint.

371 3595 388 3637 s
421 3565 520 3640 Haec
548 3587 658 3664 porro
686 3563 887 3640 catholicae
929 3565 1008 3641 fidei
1050 3567 1269 3643 documenta
1310 3568 1396 3642 dum
1437 3587 1619 3664 arrogan-

289 3695 346 3760 ter
377 3683 656 3782 posthabentur,
678 3682 943 3760 schisnmtibus
970 3684 1060 3787 quin
1090 3693 1127 3759 et
1155 3684 1373 3760 haeresibus
1401 3683 1515 3760 latum
1546 3687 1618 3759 iter

289 3801 467 3901 aperitur,
491 3805 584 3900 quo-l
614 3802 776 3875 orumum
806 3807 1013 3902 temporum
1044 3803 1198 3877 historia
1228 3805 1405 3880 testatur:
1436 3808 1474 3878 et
1502 3803 1616 3878 etiam

290 3945 387 3996 nunc
427 3919 507 4018 ipso
549 3943 668 3994 rerum
711 3926 937 3998 monstratur
977 3919 1139 4010 effectu,
1172 3945 1255 3996 cum
1284 3947 1306 3996 a
1334 3916 1522 3994 nonnullis
1550 3941 1618 3993 neo

290 4037 459 4116 iustitiae
488 4039 717 4129 moderatio,
750 4065 816 4116 uec
846 4041 928 4116 fidei
958 4042 1006 4115 sit.
1034 4043 1185 4116 servata
1211 4039 1358 4140 religio
1390 4039 1514 4116 Nostri
1547 4039 1617 4113 Ve-

291 4157 463 4235 nerabilis
492 4157 649 4254 Frater,
682 4159 887 4238 luctuosum
919 4162 1081 4237 schisma
1109 4161 1203 4264 quod
1232 4155 1445 4260 nuperrime
1477 4157 1618 4234 excita-

364 4381 404 4458 (1)
422 4385 451 4440 fl.
466 4387 522 4438 Leo
542 4385 593 4439 PP.
610 4385 643 4438 cd
665 4387 797 4438 Anastas.
812 4389 1044 4440 Thessalonicen.
1061 4403 1103 4452 ep.
1122 4387 1163 4440 14.
1182 4385 1233 4437 Ed.
1248 4383 1353 4437 Baller.
1367 4383 1444 4436 Toni.
1456 4383 1481 4438 1.

363 4467 399 4540 (Ξ)
420 4471 449 4524 S.
467 4472 521 4522 heo
540 4471 591 4522 PP.
608 4473 641 4524 ad
663 4475 755 4524 llilcr.
774 4473 1038 4538 A1·elaten.ep.1tl.
1055 4471 1225 4522 edamur.
1243 4471 1318 4520 Tum.
1337 4470 1360 4520 1.

365 4558 409 4631 (3)
430 4561 521 4627 Epist.
539 4562 558 4614 S
581 4561 659 4614 Petri
680 4562 825 4628 Orysolcg.
844 4562 877 4612 ad
901 4561 1012 4611 Euticlr.
1031 4561 1110 4610 luter
1132 4557 1183 4620 Op.
1202 4558 1230 4608 S.
1247 4558 1330 4607 Leon,
1343 4555 1419 4606 Tem.
1436 4553 1461 4604 1.
1477 4551 1546 4604 edit.
1568 4555 1617 4608 cit.
