3670 5222
421 280 615 334 tesrutavun
638 280 721 329 cum
745 277 912 328 concussos
936 277 974 327 m
1000 274 1159 328 orneacus
1207 345 1214 364 .
1395 251 1453 328 idi

137 409 153 452 2
187 381 325 470 carino,
357 384 489 482 quibus
522 379 639 480 magis
669 379 702 456 ei
723 379 920 467 videbitur,
944 381 986 454 ut
1007 383 1100 477 patet
1126 403 1167 451 ex
1190 376 1273 476 ipso
1291 377 1459 455 Concilio

138 533 154 572 »
188 529 293 578 versu
323 511 532 578 transacto,
565 502 673 593 Nam,
706 502 750 578 ut
776 499 920 575 censuit
949 523 1053 574 sacra
1084 496 1348 598 Congregetio,
1372 496 1458 599 Epi-

136 650 153 692 »
187 645 319 720 scopus
348 626 492 694 tautum
524 619 581 696 vel
616 616 697 694 eius
734 616 906 693 Vicarius
943 615 1057 690 habet
1091 621 1216 692 votum
1256 615 1459 694 decisivum

136 770 153 809 »
187 741 225 814 in
257 741 321 816 hoc
349 765 451 816 casu.
486 738 532 813 Et
564 739 618 814 ita
644 736 849 814 Flaminius
879 735 1049 812 Parisios
1078 737 1195 812 dere
1223 735 1347 837 benef.
1388 737 1456 816 tib.

137 897 152 935 ›
186 866 228 952 8,
253 891 289 966 q.
313 864 339 940 9
360 891 467 940 aaran.
491 863 579 942 105
599 873 634 940 et
653 863 741 939 106
762 862 814 937 ait
833 886 898 962 per
918 861 956 938 S.
978 860 1317 962 Congregatiunem
1345 860 1461 942 fuisse

137 1016 154 1057 ›
185 984 387 1061 resolutum
417 1009 570 1060 examen
601 1008 680 1058 esse
710 981 914 1056 iaciendum
941 1005 1064 1057 coram
1094 980 1277 1083 Episcopo
1297 981 1354 1059 vel
1377 985 1460 1062 eius

137 1133 155 1174 ›
189 1101 338 1179 Vicario
367 1103 505 1204 absque
533 1101 696 1202 ipsorum
727 1105 814 1176 voto
843 1097 1017 1194 decisivo,
1040 1102 1080 1176 et
1098 1102 1246 1176 tantum
1265 1125 1329 1176 eos
1349 1128 1458 1204 posse

137 1251 155 1294 >
186 1224 356 1299 accedere
386 1223 446 1298 ubi
478 1225 563 1297 vota
590 1224 679 1297 suut
707 1219 826 1322 paria,
858 1219 915 1295 vel
945 1219 1164 1323 singularia,
1202 1222 1300 1321 quod
1336 1222 1453 1302 etiam

137 1371 154 1413 ›
185 1343 241 1420 ait
266 1341 409 1420 Ceclurs·
429 1344 468 1419 d.
491 1365 604 1416 num.
627 1341 655 1415 6
675 1349 710 1415 et
728 1340 773 1425 7,
794 1350 828 1414 et
851 1336 1071 1416 Gratianus
1087 1340 1203 1416 decis.
1228 1339 1305 1427 97,
1319 1369 1361 1418 n.
1381 1343 1459 1432 18,

138 1489 156 1533 ›
189 1462 373 1540 Sirecae
393 1457 1154 1562 Vtcllpiscopilt'b2.q.211.rvnm.8,et
1187 1466 1231 1534 itt
1264 1463 1384 1540 addit.
1404 1464 1459 1540 r'bt'

139 1612 156 1658 a
194 1581 306 1686 qul.
337 1583 383 1660 de
410 1583 477 1684 off.
509 1580 639 1684 Episc.
673 1609 703 1655 c.
736 1578 810 1665 50,
832 1581 869 1677 ξ.
893 1577 981 1656 3n.
1005 1579 1047 1673 1,
1071 1590 1105 1654 et
1123 1580 1161 1677 §-
1190 1580 1259 1668 12,
1279 1609 1390 1662 num.
1413 1581 1458 1664 3.

140 1731 155 1770 ›
187 1700 342 1778 Accedit
369 1701 482 1778 etiam
512 1699 587 1776 alia
614 1698 812 1774 declaratio
841 1699 879 1777 S.
911 1697 1236 1800 Congregationis,
1276 1727 1369 1803 qnae
1408 1704 1462 1781 sic

140 1845 156 1886 s
186 1817 257 1894 ait:
273 1819 354 1892 -Au
375 1815 407 1891 si
428 1815 672 1894 existentibus
693 1818 853 1915 quatuor
872 1813 1189 1892 examinatoribus
1208 1815 1347 1916 singuli
1368 1843 1457 1896 exa·

139 1965 157 2009 ›
188 1936 318 2012 minati
345 1935 537 2012 dimidium
567 1937 711 2010 tantum
741 1932 1002 2034 suffragiorum
1032 1939 1283 2034 reportarunt,
1318 1961 1363 2012 ex
1384 1961 1459 2015 non

140 2085 158 2129 ›
190 2056 403 2158 approbatis
441 2057 644 2158 Episcopus
684 2054 840 2156 aliquem
881 2053 998 2156 possit
1035 2052 1156 2131 facere
1198 2058 1459 2157 approbatum?

141 2203 158 2245 ›
189 2176 441 2278 Congregatio
461 2180 608 2251 censuit
619 2201 747 2277 posse.
772 2174 875 2262 Quae
894 2176 1053 2252 accessio
1074 2175 1246 2276 Episcopi
1266 2201 1332 2252 seu
1353 2179 1463 2255 Vica·
1556 2245 1562 2258 .

142 2324 159 2365 s
192 2293 237 2368 rii
254 2296 383 2371 debere
400 2294 478 2370 fleri
495 2294 627 2394 inipso
643 2293 1461 2396 examine‚seucoramipsisexaminatnribus

142 2440 160 2484 ›
191 2409 302 2487 simul
329 2436 411 2488 curu
441 2411 637 2489 Ordinario
665 2414 911 2513 congregatis,
945 2421 988 2489 ut
1016 2414 1053 2489 in
1075 2414 1172 2492 dicto
1192 2415 1304 2490 verbo
1329 2424 1462 2492 trans·

142 2565 158 2604 ›
189 2545 287 2619 acto,
317 2539 356 2609 et
385 2536 423 2610 in
452 2559 548 2613 vers.
579 2559 657 2638 seq.
689 2537 926 2612 adveniente.
958 2533 1134 2622 Quamvis
1163 2536 1292 2614 electio
1320 2562 1365 2612 ex
1394 2540 1462 2614 ad-

143 2684 160 2725 »
188 2656 354 2756 probatis
382 2653 548 2733 iacienda
575 2658 622 2733 ab
648 2655 830 2758 Episcopo
849 2681 895 2731 ex
914 2679 1012 2732 vers.
1029 2666 1186 2758 peracto
1206 2658 1346 2733 deinde
1366 2683 1462 2734 ena·

142 2805 159 2846 »
193 2779 311 2856 mine,
341 2775 458 2876 possit
486 2779 532 2854 ab
559 2800 603 2853 eo
631 2774 709 2852 fieri
738 2800 784 2851 ex
810 2780 897 2877 post
923 2774 1020 2852 facte
1051 2783 1089 2850 et
1117 2777 1328 2878 separatim,
1370 2802 1454 2854 cum

143 2921 161 2967 ›
191 2895 233 2968 ad
263 2893 383 2992 ipsum
413 2893 531 2969 solum
560 2900 702 2994 spectet
730 2894 783 2971 uti
812 2893 975 2970 diximus
1002 2891 1099 2970 infra
1128 2919 1163 2970 v.
1200 2894 1248 2971 13
1282 2900 1453 2998 apparet.

221 3043 240 3084 »
270 3012 362 3090 Illud
382 3016 507 3088 autem
527 3015 624 3112 quod
644 3013 780 3092 dicitur
798 3014 958 3096 devotis
977 3010 1227 3113 singularibus
1246 3015 1340 3115 quod
1370 3015 1459 3116 Epi-

144 3161 160 3202 ›
190 3155 322 3233 scopus
350 3154 415 3206 seu
437 3131 609 3208 Vicarius
640 3133 756 3231 possit
775 3134 946 3210 accedere
964 3131 1100 3233 quibus
1122 3134 1238 3235 magis
1256 3133 1453 3227 videbitur,

16 3313 17 3316 ,
143 3281 160 3322 »
193 3276 263 3326 non
294 3252 456 3352 procedit
484 3251 630 3352 quando
658 3251 796 3352 singuli
825 3253 1097 3329 examinatores
1122 3253 1325 3352 approbent
1346 3276 1461 3329 unum

144 3403 161 3445 »
191 3395 299 3473 quem
327 3370 391 3446 alii
421 3371 633 3472 reprobant;
665 3394 749 3448 uam
778 3375 867 3449 tunc
894 3395 1023 3448 revera
1051 3395 1127 3448 non
1154 3382 1242 3448 sunt
1269 3377 1356 3448 vota
1383 3371 1463 3447 sin-

145 3489 347 3592 »gularia
394 3495 438 3567 ut
479 3493 517 3565 in
557 3492 727 3592 sequenti
766 3492 1016 3569 declaratione
1058 3491 1098 3568 S.
1142 3491 1456 3594 Congregatiouis

144 3639 161 3678 »
194 3608 229 3684 l.
263 3609 400 3690 Utrum
430 3612 614 3686 stantibus
644 3611 763 3686 verbis
791 3610 961 3700 Caecilii,
994 3611 1057 3703 ibi,
1091 3636 1259 3714 quorum
1287 3616 1384 3686 notis
1421 3617 1460 3686 st·

145 3759 160 3798 >
188 3751 303 3836 pares
332 3738 401 3804 aut
419 3731 643 3833 scapulares
659 3732 829 3829 fuerint,
852 3731 937 3806 etsi
958 3730 1140 3806 extribus
1160 3731 1457 3808 examiutoribus

145 3879 160 3918 >
190 3848 348 3950 quilibet
375 3873 500 3926 eorum
531 3874 646 3926 unum
675 3851 948 3951 approbaverit,
981 3850 1108 3926 etalii
1138 3851 1382 3952 approbatum
1416 3851 1463 3926 ab

146 3997 162 4038 »
193 3968 312 4043 altero
340 3969 632 4070 reprobaverint,
667 3972 860 4046 accedente
887 3968 1069 4072 Episcopo
1107 3971 1169 4045 uni
1204 3971 1330 4046 vincat
1367 3967 1461 4044 alios

146 4117 163 4158 »
194 4091 285 4164 duos
313 4090 576 4190 reprobantes,
599 4113 645 4164 ex
671 4113 746 4189 quo
775 4097 862 4164 sunt
892 4113 1047 4164 numero
1082 4114 1187 4190 pares
1221 4089 1458 4190 probantium

146 4237 162 4280 ι
193 4215 232 4283 et
260 4206 557 4310 reprobantium?
585 4206 839 4308 Congregatio
876 4209 1064 4309 respondit
1106 4235 1185 4283 non
1223 4216 1391 4294 vincere,
1430 4221 1464 4282 et

147 4333 388 4404 »neminem
417 4334 583 4402 istorum
611 4327 739 4404 videri
772 4327 1042 4430 approbatum.
1077 4327 1109 4407 2
1163 4329 1250 4405 ltem
1284 4353 1332 4404 an
1366 4330 1462 4405 idem

146 4474 165 4518 >
193 4447 382 4522 dicendum
417 4447 467 4522 sit
495 4446 641 4545 quando
669 4457 755 4522 sunt
783 4448 946 4547 quinque
965 4449 1234 4523 examinatores
1253 4455 1289 4524 et
1306 4448 1465 4550 quilibet

149 4591 319 4645 >eorum
350 4567 530 4668 approbat
559 4589 671 4642 unum
700 4591 744 4641 ex
778 4566 1014 4661 examinatis
1056 4573 1096 4644 et
1131 4567 1266 4646 caeteri
1304 4575 1465 4674 quatuor·
