3674 5210
1421 247 1457 316 7!

382 353 841 435 ¹DISTRlBUTlONUM
872 355 934 432 El*
961 353 1185 438 ONERUM

688 667 901 684 *-

297 948 353 1013 Dte
372 964 398 1014 a.
423 959 500 1012 rutra·
522 950 616 1012 1870.

238 1180 490 1260 Oouruunum
518 1207 639 1262 rucrr.
669 1182 885 1286 Capitulum
923 1183 1108 1262 Ecclesiae
1145 1181 1374 1262 Cathcdrulis
1404 1183 1456 1262 ll.

135 1301 171 1377 in
198 1302 416 1405 regionibus
446 1302 690 1404 Neapolitano
718 1303 851 1406 Regno
870 1302 958 1380 olim
976 1304 1164 1391 subiectis,
1189 1303 1227 1378 in
1246 1327 1458 1404 supremum

134 1422 342 1522 squalorem
371 1421 565 1498 inciderat:
588 1425 700 1523 atque
729 1425 774 1500 ad
802 1422 838 1498 id
866 1423 1116 1500 extremitatis
1153 1429 1385 1524 pervenerat,
1420 1429 1460 1498 ut

132 1541 319 1642 plerisque
346 1565 391 1618 ex
419 1542 619 1620 canonicis
648 1541 705 1618 vel
734 1543 892 1620 mortuis
921 1541 978 1619 vel
1007 1544 1053 1618 ob
1082 1547 1307 1618 senectutem
1328 1567 1460 1638 aegro·

130 1661 314 1753 tentibus,
340 1660 575 1739 Pontifioales
621 1660 831 1739 functiones
872 1662 1000 1764 peragi
1042 1660 1201 1763 amplius
1243 1660 1454 1760 nequirent,

129 1783 260 1858 divina
288 1783 491 1883 psalmodia
518 1805 778 1880 sacrarumque
820 1781 1133 1858 caeremoniarum
1176 1782 1286 1856 decus
1316 1779 1459 1856 indies

129 1900 377 1978 relaxaretur.
401 1902 574 1977 Abscissa
601 1908 681 1976 erat
710 1901 861 2002 insuper
887 1902 1010 1979 omnis
1037 1924 1122 2000 spes
1152 1899 1322 1974 vacantia
1350 1901 1459 1974 bene·

129 2019 215 2094 licia
244 2018 469 2112 conferendi,
494 2041 588 2121 quae
616 2022 704 2095 sunt
730 2021 856 2096 omnia
883 2019 977 2096 iuris
1004 2024 1221 2120 patronatus
1250 2018 1344 2119 regii
1375 2019 1458 2094 vin·

128 2143 226 2221 culis
254 2142 439 2218 devincta.

237 2261 388 2338 Talibus
415 2287 563 2364 pressus
591 2263 775 2366 angustiis
801 2260 1020 2364 Episcopus,
1043 2258 1150 2334 malis
1170 2283 1363 2336 occurrere
1383 2267 1458 2334 sat·
1531 2359 1534 2366 Ι

127 2383 207 2484 egit
235 2383 283 2460 ad
312 2383 603 2468 Honorariorum
622 2382 896 2461 Canonieorum
916 2381 1135 2458 erectionem
1169 2382 1366 2457 deveniens
1392 2407 1459 2456 au·

128 2509 270 2581 nuente
297 2503 483 2604 Capitulo.
520 2504 728 2582 Canonicos
769 2525 857 2602 ergo
899 2501 1116 2578 honorarius
1157 2501 1291 2588 erexit,
1332 2500 1457 2602 eisque

126 2647 222 2698 onus
251 2621 427 2723 imposuit
453 2623 497 2697 ut
524 2619 636 2697 choro
663 2623 837 2699 adessent
868 2625 905 2698 et
936 2619 1123 2697 Ecclesiae
1160 2620 1353 2696 servitium
1393 2644 1458 2694 cx·

127 2743 294 2844 plorent.

236 2861 347 2937 Hisce
374 2886 421 2938 ex
448 2859 728 2939 canonicatibus
756 2884 902 2937 annuae
927 2861 1076 2936 tantum
1114 2859 1260 2936 libellae
1292 2857 1345 2937 20
1375 2885 1458 2961 pro-

125 2984 213 3080 pter
240 2981 466 3056 alventitias
495 2978 701 3057 functiones
730 2979 867 3082 percipi
895 2982 1079 3081 poterant:
1101 3005 1216 3082 quare
1236 2981 1456 3058 Sacerdotes

126 3101 173 3175 ab
200 3099 386 3200 Episcopo
414 3099 535 3190 electi,
560 3100 659 3175 ultro
686 3098 818 3176 honori
848 3099 1025 3176 nuncium
1057 3099 1269 3176 mittebant.

238 3219 346 3300 Unus
374 3219 538 3296 oblatum
566 3216 715 3294 titulum
744 3231 892 3319 accepto
922 3220 1051 3296 habuit
1091 3219 1290 3305 Antonius,
1325 3220 1457 3324 Sacer·

125 3341 194 3416 dos
221 3341 446 3442 participans
475 3339 662 3416 Ecclesiae
692 3339 927 3440 Receptitiae
955 3340 994 3416 in
1023 3338 1169 3440 Oppido
1197 3341 1242 3414 tl.
1267 3340 1457 3418 duodecim

126 3457 299 3534 milliaria
327 3458 472 3534 civitati
501 3458 541 3534 M
571 3457 792 3560 propinquo.
826 3457 924 3534 Huic
965 3457 1258 3535 Archidiaconus
1287 3460 1458 3535 oouuuit-

124 3578 297 3653 tobatut
324 3604 412 3654 suae
440 3577 689 3654 hebdomadae
717 3603 831 3656 onera
858 3577 1041 3678 impleret,
1076 3577 1211 3654 annuis
1252 3577 1385 3654 solutis
1413 3577 1458 3655 li·

125 3695 229 3774 bellis
257 3693 350 3774 200.
374 3697 599 3798 Capellanus
626 3700 738 3776 etiam
769 3699 1005 3776 renuntiatus
1022 3703 1080 3774 est
1108 3698 1275 3778 Sodalitii
1305 3703 1372 3774 sub
1400 3702 1457 3776 in·

124 3817 318 3894 vocatione
346 3817 412 3895 SS.
436 3819 679 3912 Sacramenti,
703 3844 845 3897 annuas
872 3843 918 3895 ex
947 3818 1016 3896 boc
1054 3844 1204 3897 munere
1233 3819 1374 3896 libellas
1403 3820 1455 3896 85

125 3935 346 4038 percipiens.
379 3937 449 4016 Sed
486 3937 577 4014 haec
603 3937 761 4039 imparia
788 3939 900 4014 nimis
929 3943 1035 4014 erant
1063 3939 1108 4016 ad
1137 3939 1252 4015 vitam
1291 3963 1455 4038 congruo

125 4057 343 4132 ducendam.
367 4055 601 4158 Quapropter
630 4059 792 4134 Antonio
812 4057 964 4134 indulsit
984 4057 1189 4159 Episcopus
1208 4062 1250 4132 ut
1270 4059 1454 4136 interdum

124 4199 147 4250 a
182 4174 306 4253 Ohoro
333 4177 559 4270 abscederet,
582 4183 621 4252 et
649 4178 767 4254 instar
804 4178 881 4255 veri
909 4177 1088 4255 Oanonioi
1129 4177 1357 4256 Conciliares
1393 4205 1455 4256 va-

125 4293 291 4371 cationes
319 4295 486 4371 haberet.

229 4413 312 4504 Quo
340 4419 506 4514 tompore
532 4415 746 4494 abscedendi
771 4415 945 4492 facultate
965 4413 1032 4492 sibi
1055 4441 1228 4493 concessa
1249 4421 1357 4493 utens
1377 4418 1454 4493 Αι-

126 4535 250 4612 lonius
279 4535 319 4610 in
347 4531 507 4634 patriam
538 4537 794 4612 revertebatur
823 4536 945 4636 ibique
987 4535 1171 4637 degebat,
1205 4536 1336 4612 iterum
1374 4561 1453 4613 seso
