3622 5232
329 224 389 293 tto
657 247 844 294 corennum:
869 248 988 294 rnnocn
1013 248 1048 294 ar
1073 248 1317 297 conconsrroms

324 343 461 422 iterum
480 348 638 446 oportet,
653 347 825 445 quoniam
851 335 901 422 'ex
929 346 1058 422 relatis
1077 349 1181 448 patet
1209 345 1414 424 Ecclesiam
1432 343 1472 424 in
1493 370 1567 449 qua
1586 374 1655 426 sa-

324 492 388 544 cra
414 465 581 542 exercuit
627 466 831 541 ministeria
868 491 933 568 pro
979 470 1183 543 animarum
1228 470 1322 544 bono
1365 468 1574 547 (lenonicus
1605 471 1653 546 B.

325 585 527 664 Ecclesiam
547 585 781 662 Oatbedralis
800 587 1043 664 succursnlem
1067 587 1190 673 fuisse,
1217 589 1370 688 ideoque
1388 588 1424 664 id
1445 571 1656 692 peragendo

326 707 486 784 eiusdem
517 705 747 783 Cathcdralis
776 732 906 782 munus
935 706 1168 809 officiumque
1197 707 1421 806 impleuisse.

432 827 543 903 Hisce
571 827 767 929 praelectis
795 827 1003 928 quaesitum
1034 831 1091 904 est
1118 851 1278 930 quonam
1325 851 1502 928 responso
1530 829 1658 904 dimit-

326 947 458 1024 tendae
484 950 607 1023 essent
634 971 761 1050 preces
789 948 965 1026 Canonici
995 950 1040 1025 B.

436 1070 665 1148 Rasonurro.
690 1071 804 1148 Sacra
831 1069 873 1147 O.
897 1071 1017 1172 (long.
1050 1067 1318 1148 animadversis
1355 1069 1547 1169 expositis,
1590 1069 1660 1145 snb

328 1187 386 1265 die
415 1187 439 1263 8
468 1188 550 1266 lulii
584 1187 682 1266 1876
710 1214 928 1290 responsum
957 1191 1067 1266 dedit:

434 1306 554 1385 Iunio
582 1323 710 1385 uotiua
740 1307 923 1412 Episcopi
942 1314 1047 1410 facto
1075 1313 1186 1385 uerbo
1215 1333 1303 1383 cuno
1332 1306 1469 1382 SSriio.

490 1534 550 1611 Ex
578 1559 707 1620 cursus
736 1559 920 1614 commus.

439 1762 465 1837 l.
485 1759 642 1838 Omnem
672 1760 906 1839 collusionem
937 1768 974 1838 et
1000 1762 1252 1841 remissionem
1283 1765 1402 1866 quoad
1432 1761 1660 1840 distributio·

334 1905 396 1956 nes
425 1879 658 1982 quotidianas
686 1906 731 1956 ex
759 1880 839 1955 inre
866 1881 1068 1983 prohiberi,
1099 1884 1183 1958 dum
1214 1884 1328 1963 Ocno.
1351 1884 1452 1959 Trid.
1475 1884 1659 1960 edisserit:

333 2005 402 2104 qui
429 2005 539 2074 stolis
559 2000 668 2076 boris
701 2001 953 2099 interfuerint
972 2009 1162 2103 recipiunt
1191 2001 1502 2104 (distributiones)
1522 2002 1665 2102 reliqui

333 2147 416 2196 vero
436 2125 571 2222 quouis
599 2120 805 2195 collusione
832 2132 899 2194 uret
928 2128 1153 2198 remissione
1180 2123 1338 2198 excluso.
1368 2123 1429 2196 bis
1457 2131 1625 2196 careant.

443 2236 485 2312 ll.
508 2234 769 2326 Collusionem,
781 2238 901 2336 quoad
915 2237 1083 2314 chorales
1097 2237 1375 2314 distributiones
1390 2237 1529 2329 haberi,
1545 2262 1665 2339 quan-

334 2359 380 2434 do
409 2357 520 2433 choro
550 2356 910 2464 adscriptiinvicem
941 2358 1168 2434 conveniunt
1206 2360 1249 2434 de
1278 2383 1350 2434 non
1388 2358 1560 2434 notandis
1600 2361 1666 2434 ab·

335 2477 482 2564 sentiis
505 2476 756 2552 remissionem
785 2501 874 2554 vero
920 2491 1067 2578 quando
1113 2503 1199 2579 pars
1243 2504 1315 2554 una
1357 2483 1486 2582 sponte
1513 2505 1557 2554 ac
1584 2480 1665 2553 sine

337 2597 411 2673 ulla
440 2596 686 2672 conventione
714 2595 996 2673 distributiones
1024 2597 1258 2698 quotidianas
1277 2597 1383 2673 alteri
1411 2598 1667 2698 partiremit·

336 2719 383 2792 tit
411 2739 453 2792 ac
481 2714 671 2816 relinquit.
1089 2795 1090 2799 Ἴ

446 2836 507 2912 lll.
531 2837 658 2938 Neque
687 2835 837 2912 cuilibet
864 2837 1009 2911 easdem
1037 2835 1317 2913 distributiones
1346 2837 1522 2938 recipere,
1547 2862 1668 2938 neque

339 2982 423 3032 suas
453 2954 571 3030 facere
601 2955 630 3030 si
659 2955 842 3056 receperit
870 2954 925 3030 fas
952 2980 1047 3032 esse.

446 3076 512 3154 IV.
536 3074 825 3153 Conventioncm
856 3077 893 3151 in
933 3077 1096 3153 themate
1133 3077 1356 3180 probandam
1390 3075 1503 3154 fuisse
1532 3079 1664 3154 videri:

339 3223 451 3302 quim]
481 3198 581 3273 enim
609 3195 729 3272 omnis
756 3195 908 3272 collusio
936 3199 972 3272 et
1000 3197 1170 3272 remissio
1199 3195 1411 3288 abfuerint,
1448 3197 1669 3274 Tridentina

340 3320 543 3422 dispositio,
566 3319 686 3418 quoad
713 3317 988 3394 distributiones
1017 3318 1196 3406 chorales,
1220 3317 1319 3394 haud
1346 3317 1446 3394 laesa
1476 3321 1613 3396 manet.

449 3436 708 3514 Vindalium
737 3437 924 3512 absentiae
953 3463 975 3510 a
1002 3435 1115 3512 choro
1161 3437 1259 3512 hnud
1286 3437 1463 3538 denegari
1504 3437 1672 3538 potuisse

341 3559 457 3636 videri
485 3556 671 3635 Canonioo
700 3557 744 3633 B.
768 3581 879 3656 quum
910 3581 974 3656 pro
993 3579 1036 3631 eo
1056 3556 1258 3632 militarent
1279 3557 1494 3656 praecipuae
1515 3579 1667 3648 Causae,

340 3680 473 3781 quibus
500 3677 679 3753 eiusmodi
707 3676 832 3776 gristia
860 3677 1007 3752 concedi
1037 3675 1144 3769 solet,
1168 3675 1364 3751 infirmitas
1392 3676 1487 3750 idest
1515 3691 1554 3749 et
1582 3675 1667 3750 evi·

341 3802 432 3878 dens
461 3797 649 3876 Ecclesiae
680 3796 834 3874 utilitas.
