3674 5210
665 262 807 314 arrsrotr
833 263 995 312 0110101101
1465 241 1508 314 29

184 367 395 474 prodidisse,
428 392 471 446 ac
497 365 592 453 fidei,
625 373 663 443 et
689 367 800 443 saluti
828 369 886 441 tot
913 365 1132 460 animarum,
1166 391 1258 468 quae
1286 367 1328 442 in
1355 367 1510 469 gravis-

184 492 312 566 simum
342 489 539 564 discrimen
568 490 747 565 adductae
776 493 887 580 sunt,
919 510 993 562 non
1022 488 1253 589 prospexisse
1280 488 1326 564 ab
1354 496 1504 564 aeterno

184 613 370 710 pastorum
399 609 574 709 Principe
602 631 818 709 arguamur.

263 728 500 806 «Caeterum
530 751 704 830 rogamus
731 731 781 815 te,
817 727 911 802 Ven.
944 726 1090 818 Frater,
1121 727 1226 803 etin
1255 727 1512 806 [10111111οΝ0-

182 852 258 924 stro
288 847 826 939 10011011110100100010111110,
858 849 900 922 ut
932 871 1053 922 coram
1088 847 1247 924 Domino
1284 851 1387 923 tuam
1426 874 1507 950 pra·

180 987 264 1038 vam
295 963 429 1064 agendi
458 961 653 1054 rationem,
672 966 759 1039 tuae
786 961 982 1064 dignitatis
1010 964 1180 1063 gradum,
1200 966 1358 1039 aetatem
1387 969 1509 1060 tuam,

180 1093 216 1161 et
244 1082 506 1184 gravissimum
536 1086 624 1158 tuae
653 1087 824 1158 aeternae
861 1081 992 1157 salutis
1030 1083 1233 1182 periculum
1273 1083 1370 1160 serio
1408 1108 1510 1160 reco-

181 1204 293 1305 gites:
325 1207 435 1305 atque
462 1203 659 1304 implorato
689 1201 889 1279 humilibus
919 1201 1088 1301 precibus
1116 1203 1243 1281 divino
1274 1201 1428 1294 lumine,
1469 1229 1513 1282 ea

179 1322 330 1397 tandem
359 1319 511 1398 consilia
538 1325 676 1423 capias,
708 1344 803 1422 quae
844 1325 950 1394 tuum
977 1345 1067 1422 erga
1102 1322 1350 1422 Apostolicam
1379 1323 1510 1400 Sedem

181 1439 411 1539 obsequium,
445 1441 567 1517 verbis
593 1466 701 1541 saepe
719 1441 959 1532 declaratum,
983 1440 1082 1516 facto
1101 1441 1182 1540 ipso
1201 1442 1379 1541 probent3
1400 1465 1514 1543 quae-

182 1587 254 1664 que
281 1587 364 1640 eam
392 1565 539 1640 ruinam
569 1569 753 1654 avertant,
787 1564 827 1639 in
856 1589 965 1664 quam
996 1565 1081 1638 dum
1110 1562 1248 1664 iniquis
1291 1565 1513 1644 consiliariis

182 1704 310 1756 aurem
338 1681 503 1782 praebes,
536 1687 573 1757 10
601 1683 734 1784 ipsum,
767 1683 1075 1781 commissumque
1103 1682 1171 1757 tibi
1191 1685 1414 1790 auctoritate
1437 1685 1513 1759 No-

183 1805 262 1876 stra
290 1801 479 1902 populum,
513 1807 548 1878 te
576 1801 813 1904 praecipitem
843 1827 952 1904 agere
981 1803 1229 1902 deploramus.
1262 1801 1368 1890 Quod
1396 1807 1439 1878 ut
1457 1803 1514 1879 di-

184 1925 271 2000 vina
300 1923 555 2003 misericordia
583 1927 740 2026 benigne
767 1928 965 2029 largiatur,
1006 1924 1253 2024 apostolicam
1295 1927 1511 2003 benedictio·
1584 1956 1585 1959 ¹

184 2068 268 2119 nem
296 2043 365 2119 tibi
396 2046 491 2120 Ven.
523 2045 669 2136 Frater,
702 2069 870 2123 necnon
898 2047 1091 2147 episcopis,
1124 2044 1234 2136 clero,
1269 2046 1456 2121 monachis
1475 2051 1515 2122 et

184 2163 365 2252 fidelibus,
395 2165 436 2239 in
464 2165 720 2241 communione
748 2171 785 2239 01
812 2165 1022 2242 obedientia
1049 2165 1285 2265 Apostolicae
1314 2166 1417 2242 Sedis
1438 2189 1515 2242 ma-

189 2281 365 2357 nentibus
393 2289 561 2357 notanter
588 2281 627 2358 in
657 2283 814 2358 Domino
842 2283 1089 2384 impertimus

269 2433 286 2472 ‹
322 2404 458 2477 Datum
496 2401 640 2479 Romae
678 2406 771 2502 apud
808 2401 847 2479 S.
891 2405 1045 2480 Petrum
1082 2405 1138 2480 die
1175 2405 1249 2480 XV
1287 2403 1514 2505 Soptembris

184 2521 295 2596 Anno
324 2520 638 2599 MDCOOLXXV
667 2524 912 2599 Pontificatus
950 2525 1078 2600 Nostri
1116 2549 1213 2601 anno
1255 2525 1506 2602 Tricesimo›.

274 2639 332 2717 19.
359 2644 564 2742 Responsio
592 2643 739 2718 Nostris
768 2642 869 2720 hisce
897 2643 1032 2719 litteris
1059 2645 1123 2720 diu
1151 2644 1267 2722 dilata
1303 2649 1375 2737 est;
1419 2649 1515 2747 quod

182 2763 333 2863 quidem
363 2763 523 2862 primum
552 2786 597 2836 011
626 2761 779 2837 adversa
807 2763 887 2838 eius
918 2762 1127 2840 valetudine
1167 2765 1365 2865 contigisse
1403 2791 1514 2842 aoce-

183 2881 320 2981 pimus‚
355 2889 548 2980 postquam
577 2905 663 2957 vero
691 2880 881 2957 convaluit
918 2881 1011 2957 nihil
1053 2907 1230 2959 excusare
1260 2889 1418 2985 poterat.
1451 2887 1513 2963 ln-

183 2999 294 3076 terim
323 3023 411 3074 vero
438 2999 538 3075 facta
565 3000 655 3090 eius,
681 3025 775 3100 quac
795 3000 1028 3102 potissimum
1049 3004 1318 3103 spectabamus,
1344 3002 1514 3107 eloquen-

183 3122 262 3194 tius
290 3142 399 3219 quam
429 3117 576 3194 litterae
604 3143 820 3221 responsum
859 3121 1073 3197 reddebant.
1115 3121 1265 3199 Eeninr
1307 3149 1428 3226 neque
1469 3153 1515 3204 ex

184 3242 440 3319 Malabarcnsi
470 3242 631 3342 regione,
665 3245 727 3345 qui
758 3243 845 3320 illuc
880 3245 982 3319 missi
1021 3243 1180 3338 fueraut,
1223 3250 1509 3343 revocabantur3
1587 3289 1589 3298 ·

183 3383 306 3459 neque
334 3385 357 3432 a
382 3359 606 3437 dioecesibus
635 3362 738 3461 queis
767 3361 1014 3438 incubuerunt
1033 3365 1177 3440 avocati
1197 3371 1284 3441 sunt
1303 3369 1513 3470 presbyteri

183 3476 386 3578 episcopali
414 3479 624 3556 charactere
654 3493 789 3556 temere
828 3481 1013 3582 insigniti.
1055 3482 1154 3569 Quin
1194 3484 1359 3563 intrusus
1395 3493 1514 3566 Aure-

184 3597 324 3674 diensis
351 3597 492 3699 aliquot
520 3599 717 3676 monachos
745 3603 791 3677 ad
820 3602 966 3679 ordines
994 3625 1210 3702 promovere
1248 3611 1511 3710 praesumpsit,

184 3742 280 3820 quos
309 3716 417 3818 paulo
446 3724 530 3819 post
557 3719 714 3820 ipsemet
751 3722 972 3798 Patriarcha
1007 3723 1213 3799 sacerdotio
1252 3724 1400 3801 initiare
1440 3754 1514 3806 non

185 3838 327 3914 timuit.
362 3839 481 3913 Porro
508 3842 713 3916 sacerdotes
742 3866 877 3942 pravae
905 3843 984 3917 cius
1013 3843 1146 3943 agendi
1181 3843 1316 3919 rationi
1354 3870 1514 3924 consen-

186 3959 258 4032 tire
291 3954 471 4044 nolentes
515 3946 624 4033 minis
654 3960 711 4034 vel
748 3963 910 4038 censuris
949 3961 1083 4052 vexati,
1126 3963 1312 4038 interdum
1354 3968 1515 4046 traducti

186 4077 245 4153 uti
281 4078 555 4178 perturbatores
597 4079 723 4180 populi
762 4087 800 4155 et
837 4082 1080 4158 Patriarcbae
1123 4083 1288 4176 rebelles,
1331 4084 1515 4167 interdum

185 4198 303 4274 etiam
333 4195 453 4272 civilis
483 4203 677 4298 potestatis
707 4201 890 4302 praesidio
919 4201 1082 4278 coerciti.
1117 4203 1244 4300 Neque
1283 4203 1514 4285 dissimulare

187 4340 382 4418 possumus
409 4339 624 4416 responsum
654 4320 700 4393 ab
729 4341 771 4401 eo
790 4321 915 4395 datum
936 4322 996 4398 die
1014 4320 1169 4422 septima
1188 4319 1381 4397 Februarii
1405 4323 1515 4401 huius

190 4437 367 4514 0011011110
395 4438 480 4513 anni
512 4441 750 4538 quorumdam
783 4441 1083 4518 ltlauxiliensium
1127 4439 1319 4543 epistolae.
1363 4443 1513 4519 Etenim

187 4557 225 4634 in
253 4583 297 4633 co
324 4559 515 4660 perspicue
543 4558 766 4650 declarabat,
799 4585 837 4635 se
866 4585 983 4662 neque
1012 4561 1181 4656 cessisse,
1204 4584 1322 4662 neque
1352 4587 1514 4666 unquam
