3674 5210
636 247 779 298 :nasama
805 247 966 296 sucvcmcu
1422 225 1466 298 55

136 355 235 428 strae
271 348 579 452 Congregationis
617 347 746 423 iisdem
785 346 1048 448 praecepimus.
1089 347 1190 422 Haec
1228 345 1355 423 omnia
1391 347 1467 423 nisi

137 473 234 548 iufra
263 468 512 572 quadraginta
540 469 626 558 dies,
661 468 716 544 uti
745 492 870 566 supra,
910 467 1162 568 supputandos
1203 463 1382 559 efficiant,
1426 473 1467 543 et

139 590 355 692 praesertim
386 587 455 664 nisi
483 613 506 663 a
532 585 752 688 supradictis
779 584 1006 662 dioecesibus
1025 583 1245 662 recesserint
1265 609 1469 688 earumque

140 734 251 812 prave
282 711 497 810 usurpatam
525 703 884 782 administrationem
911 703 1061 780 omnino
1099 707 1138 780 et
1173 728 1304 806 reapse
1345 708 1468 810 depo-

139 828 298 914 suerint,
330 828 376 904 ad
406 825 555 902 maioris
583 823 973 902 excommunicationis
1000 824 1223 902 sententiam
1240 825 1354 902 etiem
1374 847 1471 904 con-

142 961 199 1024 tra
228 947 331 1048 ipsos
360 946 614 1048 procedemus.

218 1067 288 1149 27.
321 1069 542 1171 Episcopum
570 1067 751 1144 thomam
783 1067 921 1158 ltokos,
954 1065 1020 1168 qui
1048 1065 1088 1144 in
1111 1069 1269 1146 secunda
1289 1066 1474 1172 sacrilego

144 1189 421 1267 consecratione
447 1189 569 1264 astitit
595 1187 839 1266 Patriarchae
866 1185 1035 1287 losepho,
1066 1187 1224 1266 alterum
1251 1192 1383 1266 tenens
1409 1185 1473 1266 lo-

142 1335 225 1388 cum
254 1308 551 1388 consecrantium
582 1307 864 1409 Episcoporum,
895 1307 1032 1408 quique
1058 1305 1144 1384 licet
1170 1305 1284 1384 semel
1319 1315 1357 1384 et
1393 1307 1470 1385 ite·

142 1455 225 1508 rum
257 1429 431 1520 monitus,
463 1432 716 1504 contumacem
744 1431 871 1503 temen
898 1426 1019 1504 adhuc
1046 1452 1126 1503 sose
1154 1427 1286 1504 misere
1305 1427 1470 1525 exhibet,

144 1546 538 1627 excommunicationis
559 1571 676 1650 poena
695 1545 870 1622 similiter
888 1535 1103 1648 plectemus‚
1129 1547 1199 1623 nisi
1219 1551 1256 1624 et
1275 1548 1352 1649 ipse
1371 1545 1470 1626 inlr'o

142 1669 397 1772 quadraginta
415 1666 556 1742 dierum
576 1667 789 1760 terminum,
814 1666 868 1741 uti
888 1689 1001 1766 supra
1020 1667 1306 1767 sopputandum,
1320 1663 1471 1744 lacinus

149 1814 261 1866 suum
289 1791 330 1864 et
356 1791 488 1864 cuncta
507 1810 601 1888 quae
620 1811 642 1862 a
660 1784 881 1861 Patriarcha
899 1783 1091 1886 illegitime
1108 1790 1147 1862 et
1165 1791 1293 1862 contra
1318 1787 1474 1864 Nostros

146 1908 436 1986 constitutiones
461 1909 502 1983 'et
531 1907 706 1982 mandata
732 1903 834 1981 facta
860 1910 960 1996 sunt,
992 1905 1131 2006 scripto
1150 1907 1417 2006 reprobaverit.

227 2027 295 2106 28.
328 2027 516 2127 Regimini
547 2029 671 2103 autem
698 2023 917 2101 dioecesium
954 2023 1121 2126 legitimo
1156 2025 1313 2102 Pastore
1345 2050 1475 2104 caren-

145 2153 245 2229 tium
277 2152 354 2228 Nos
381 2150 449 2250 ipsi
478 2148 726 2240 consulemus,
758 2171 885 2224 earum
913 2147 1268 2224 administrationem
1308 2149 1478 2226 commit-

144 2275 270 2349 tentes
297 2269 437 2347 idoneis
465 2266 723 2345 Sacerdotibus
760 2265 895 2344 eisdem
930 2267 1028 2342 ritus
1062 2265 1251 2346 Chaldaici
1291 2292 1375 2345 cum
1412 2291 1479 2370 op·

146 2389 321 2491 portunis
348 2393 384 2464 et
412 2385 629 2462 necessariis
656 2384 893 2462 facultatibus
921 2384 968 2462 ad
994 2409 1121 2463 earum
1149 2386 1315 2485 regimen
1343 2387 1479 2464 obeun-

147 2511 251 2599 dum,
277 2507 567 2609 independenter
595 2507 728 2582 nedum
748 2507 795 2582 ab
811 2503 965 2582 intrusis
985 2505 1317 2606 pseudoepiscopis,
1341 2507 1478 2607 qui-bus

147 2629 253 2706 nulla
272 2632 436 2730 potestas
456 2634 512 2703 est
531 2626 589 2703 vel
607 2651 687 2701 esse
706 2626 841 2730 potest,
861 2627 922 2700 sed
942 2625 1087 2727 abipso
1106 2625 1217 2700 etiam
1237 2625 1477 2716 Patriarcha,

147 2751 257 2826 cuius
284 2749 323 2824 in
349 2749 494 2824 easdem
522 2746 704 2822 dioeceses
731 2744 886 2845 quasvis
913 2743 1120 2822 iurisdictio
1157 2767 1221 2844 per
1259 2747 1475 2846 praesentes

149 2871 310 2946 Nostrae
337 2868 479 2944 litteras
508 2865 654 2942 sublata
682 2871 754 2940 est.

232 2985 299 3063 29.
330 2987 513 3076 Quoniam
542 3009 628 3061 vero
655 3008 730 3061 non
759 2983 987 3086 ignoramus,
1020 2984 1281 3062 ecclesiasticis
1308 2984 1482 3062 censuris

152 3115 192 3184 et
220 3105 348 3209 poenis
375 3109 513 3180 temere
541 3103 839 3179 animadversum
866 3103 980 3180 fuisse
1008 3103 1123 3179 etiam
1147 3128 1168 3177 a
1192 3103 1414 3180 Patriarcba
1442 3102 1480 3180 in

153 3227 377 3319 sacerdotes,
415 3224 576 3332 clericos,
623 3221 789 3323 aliosque
826 3219 925 3298 forte
962 3220 1075 3298 etiarn
1116 3221 1255 3310 fideles,
1301 3246 1360 3298 eo·
1381 3224 1479 3322 quod

155 3350 280 3451 pravis
308 3350 388 3426 eius
424 3346 585 3422 consiliis
622 3343 795 3424 assentiri
831 3345 1097 3438 recusaverint,
1122 3347 1197 3421 Nos
1234 3345 1479 3438 declaramus,

156 3469 295 3544 laetam
323 3464 541 3565 iampridem
571 3489 593 3540 a
621 3463 735 3541 Nobis
761 3461 876 3539 luisse
903 3462 1098 3562 specialem
1126 3461 1339 3539 facultatem
1376 3462 1474 3540 ven.

153 3591 219 3668 Fr,
249 3590 439 3667 Ludovico
469 3587 755 3690 archiepiscopo
785 3587 1028 3679 Damiatensi,
1061 3587 1198 3664 Nostro
1233 3587 1272 3663 in
1308 3587 1480 3689 Mesopo-

154 3711 273 3786 tamia
299 3707 494 3810 Delegato,
524 3709 737 3786 earumdem
770 3731 1011 3786 censurarum
1050 3731 1094 3784 ac
1129 3730 1346 3810 poenarum,
1389 3732 1480 3809 quas

154 3829 215 3903 uti
243 3826 337 3904 latas
365 3853 387 3902 a
414 3826 583 3929 legitimo
617 3828 796 3905 Praesule
831 3852 940 3934 nemo
977 3851 1149 3929 spernere
1187 3831 1321 3929 potest,
1349 3827 1397 3904 vi
1435 3852 1478 3906 ao

154 3945 300 4021 iustitia
328 3946 586 4048 cognoscendi3
617 3953 654 4024 et
681 3949 727 4024 ab
756 3947 885 4024 iisdem
912 3972 977 4024 eos
1003 3945 1209 4036 relevandi,
1233 3971 1325 4048 quos
1345 3947 1483 4023 iniuste

155 4065 352 4140 damnatos
379 4062 493 4141 luisse
521 4067 560 4140 in
588 4066 744 4144 Domino
773 4067 1003 4144 iudicaverit.
1035 4066 1140 4143 Hanc
1167 4089 1254 4142 vero
1289 4065 1480 4166 specialem

156 4197 196 4259 ct
237 4185 572 4262 extraordinariam
613 4193 836 4288 potestatem
879 4189 995 4265 eidem
1045 4187 1226 4284 Delegato
1273 4186 1484 4287 Apostolico

156 4303 431 4394 confirmamus
454 4307 567 4380 donec
595 4305 672 4406 ipse
702 4306 923 4383 Patriarchn
945 4307 1059 4382 Nobis
1078 4310 1117 4381 et
1137 4303 1370 4406 Apostolicae
1389 4306 1478 4383 huic

158 4421 242 4498 seui
271 4422 376 4522 plene
406 4431 438 4496 ct
469 4422 658 4500 cumulate
685 4449 759 4501 uon
788 4421 1029 4521 satisfecerit,
1061 4424 1120 4502 vel
1146 4423 1256 4502 aliter
1283 4425 1409 4502 eadem
1428 4423 1446 4502 f
1465 4467 1484 4481 -

159 4543 278 4622 cultas
306 4557 480 4624 revocata
509 4571 583 4624 non
612 4547 740 4628 luerit.
