3622 5240
322 182 360 254 lb
804 205 944 252 nrisrona
969 204 1130 253 aresceres

321 305 401 382 ficio
429 329 584 386 cessare.
618 306 744 410 ltaque
774 307 850 384 Nos
880 308 975 383 Ven.
1008 307 1071 382 Fr.
1103 307 1303 384 Zachariae.
1344 305 1526 412 Episcopo
1555 309 1641 388 dum

321 428 460 504 viveret
488 428 687 506 Maroneae
717 429 998 522 mandavimus,
1030 431 1073 506 ut
1103 428 1324 506 Mauxilium
1354 429 1540 531 profectus
1570 433 1642 507 Pa-

320 547 518 625 triarcham
547 551 773 638 conveniret,
798 557 835 626 et
863 550 1023 626 admissa
1051 575 1072 622 a
1101 551 1215 626 Nobis
1243 550 1522 627 renunciatione
1542 576 1637 651 prae

320 667 384 744 fati
417 669 510 744 Veu.
534 669 598 745 Fr.
632 669 859 750 l'himothei,
882 693 964 744 eum
986 673 1147 746 auctorit
1162 674 1209 747 rte
1229 671 1366 746 Nostra
1387 669 1643 768 apostolicam

321 787 510 864 Vicarium
540 789 715 866 dioecesis
744 787 1055 864 Diarhekiriensis
1085 789 1218 864 virum
1235 789 1500 877 constitueret,
1533 814 1642 890 mrem

321 906 412 982 idem
442 905 662 988 Patriarcha
691 905 891 982 maluisset.
925 905 1034 981 Hunc
1083 930 1168 982 vero
1211 907 1410 984 efficaciter
1446 908 1644 985 adduceret

320 1026 363 1102 ad
392 1026 550 1103 debitam
586 1025 868 1104 declarationem
912 1026 1143 1104 adhaesionis
1190 1034 1229 1104 rt
1268 1029 1525 1106 submissionis
1553 1053 1643 1106 suae

320 1145 474 1224 decretis
502 1150 657 1246 quartae
685 1145 860 1223 sessionis
878 1145 1038 1227 Ooncilii
1062 1143 1252 1236 Vaticani,
1283 1172 1378 1247 quac
1401 1147 1553 1224 omnino
1572 1122 1644 1248 ipsi

322 1265 529 1342 necessaria
556 1271 648 1358 erat,
680 1288 754 1341 non
782 1264 899 1342 solum
928 1266 1016 1366 quia
1044 1266 1222 1342 adversus
1248 1265 1313 1342 illa
1340 1267 1644 1343 Neosohisrnatiei

322 1383 470 1460 Amneni
502 1383 746 1474 blaterabant,
761 1387 800 1460 et
815 1385 896 1487 ipsa
914 1409 1023 1486 quam
1053 1390 1136 1485 post
1163 1385 1320 1462 reditum
1351 1409 1458 1462 suum
1479 1386 1646 1462 Patriar·

321 1507 390 1582 cha
419 1496 589 1582 tenuerat
617 1504 749 1606 agendi
779 1504 874 1580 ratio
902 1503 1072 1603 fidelihus
1117 1503 1350 1580 admirationi
1389 1508 1482 1596 erat,
1515 1529 1644 1581 verum

321 1627 431 1702 etiam
464 1633 504 1700 ot
530 1632 703 1703 aeternae
730 1649 819 1702 suae
848 1625 960 1704 saluti
989 1623 1209 1716 consuleret,
1234 1631 1272 1699 et
1300 1625 1513 1702 scandalum
1542 1649 1647 1702 aruo-

322 1753 434 1839 veret,
468 1750 534 1823 aut
564 1745 694 1822 saltem
723 1750 975 1848 praeverteret
1002 1747 1098 1847 quod
1125 1769 1173 1822 ex
1200 1745 1362 1824 eiusdem
1392 1744 1539 1822 silentio
1568 1745 1644 1820 iarn

322 1867 594 1943 suboriebatur.

406 1983 468 2062 ll.
500 1985 611 2062 Hisce
641 1983 789 2062 monitis
817 1984 962 2061 tandem
993 1984 1194 2083 aliquando
1223 1977 1447 2060 memoratus
1475 1979 1648 2056 Patriar-

322 2106 393 2182 cha
422 2104 619 2207 acquievit,
644 2129 822 2206 suamque
850 2104 964 2182 edidit
990 2105 1249 2182 adhaesionem
1278 2103 1424 2204 scriptis
1451 2101 1648 2200 consigna-

323 2233 410 2317 tam,
434 2224 574 2301 ediecta
592 2230 714 2300 taurea
735 2224 999 2314 declaratione,
1022 2249 1096 2325 qua
1124 2225 1193 2301 sibi
1222 2225 1347 2300 omnia
1376 2225 1457 2299 iura
1475 2227 1514 2298 et
1532 2219 1648 2322 privi-

323 2346 420 2448 legia
461 2343 728 2446 patriarchalia
765 2351 953 2420 reservata
980 2353 1018 2420 et
1045 2354 1262 2421 conservata
1302 2344 1464 2420 volebat.
1496 2340 1579 2427 Qua
1607 2340 1646 2415 in

323 2488 363 2540 re
390 2465 459 2539 etsi
490 2461 667 2564 suspicari
697 2487 898 2563 possemus,
934 2465 1054 2542 minus
1082 2465 1224 2540 sincere
1253 2463 1447 2538 Nobiscum
1476 2459 1551 2560 agi,
1584 2465 1641 2534 ta-

324 2608 408 2660 men
436 2584 625 2685 antiquam
655 2583 733 2660 eius
763 2585 884 2677 iidem,
916 2585 1020 2661 cuius
1049 2584 1090 2658 in
1120 2584 1200 2684 ipsa
1236 2581 1482 2658 declaratione
1521 2579 1648 2654 uremi-

324 2707 443 2789 nerat,
476 2707 514 2780 et
541 2703 618 2778 vim
646 2727 689 2778 ac
718 2709 936 2804 potestatem
967 2727 1076 2804 quam
1108 2703 1148 2778 in
1176 2727 1256 2778 eum
1289 2701 1361 2776 iam
1390 2705 1468 2774 tum
1500 2721 1648 2772 exerce-

323 2823 414 2898 bant
441 2821 597 2922 improbi
626 2823 916 2912 considerantes,
940 2847 1086 2924 unaque
1105 2820 1213 2898 simul
1245 2820 1336 2896 llius
1364 2817 1532 2916 exerupla
1561 2839 1649 2916 prae

324 2939 440 3016 oculis
469 2938 647 3016 habentes
674 2943 717 3016 de
745 2964 818 3039 quo
845 2943 1021 3041 scriptum
1051 2939 1194 3042 est(l),
1229 2941 1409 3017 calamum
1430 2945 1649 3036 quassatum

325 3082 399 3136 non
427 3062 608 3152 conteret,
630 3065 668 3133 et
695 3058 812 3135 linum
842 3059 1030 3159 fumigans
1058 3084 1132 3136 non
1161 3060 1366 3161 extinguet,
1392 3055 1590 3132 maluimus
1610 3050 1649 3126 in

324 3204 365 3254 ea
395 3179 640 3264 declaratione
660 3179 877 3255 desiderium
903 3181 1024 3280 potios
1045 3181 1283 3256 patriarchae
1303 3176 1524 3279 perspicere,
1538 3197 1650 3272 quam

323 3296 488 3400 iniquam
517 3298 776 3384 conditionem,
800 3307 866 3375 aut
894 3299 1150 3376 limitationem
1183 3298 1419 3400 professionis
1448 3294 1547 3370 fidei.
1579 3291 1649 3369 Ita-

324 3443 396 3520 que
429 3441 510 3494 eum
551 3417 790 3494 adhaesionis
827 3427 946 3494 actum
987 3420 1040 3494 ita
1068 3420 1144 3494 Nos
1172 3419 1417 3517 recipiendum
1447 3412 1646 3502 duxiiuus,

324 3541 369 3614 ut
398 3535 595 3614 iaaaifeste
632 3537 902 3612 declararemus
929 3562 1002 3638 quo
1030 3563 1113 3612 eum
1148 3561 1256 3614 sensu
1287 3537 1456 3634 excipere
1484 3531 1651 3605 intende·

329 3659 471 3742 hamum
502 3660 654 3757 ideoque
675 3657 891 3733 catholicam
913 3657 1119 3734 doctrinam
1140 3659 1368 3734 traderemus
1388 3659 1463 3728 tarn
1485 3652 1529 3726 de
1551 3649 1651 3725 Pou-

325 3775 438 3853 tificio
466 3778 628 3878 primatu
657 3803 767 3878 quam
796 3779 838 3854 de
868 3779 1009 3854 iuribus
1039 3778 1349 3877 patriarcharum.
1374 3769 1559 3847 Prohinde
1580 3767 1651 3843 has

327 3896 493 3972 dedimus
536 3897 581 3972 ed
619 3921 701 3972 eum
747 3899 980 3998 Apostolicas
1022 3899 1169 3974 litteras
1206 3899 1264 3970 dre
1300 3891 1390 3970 XVI
1431 3889 1651 3968 Novembris

326 4039 413 4090 ann.
447 4015 766 4094 MDGCOLXXll.

399 4541 439 4620 (1)
459 4549 551 4602 Isaiae
572 4549 661 4604 xbll.
676 4549 702 4603 3.
718 4579 750 4588 -
767 4549 869 4603 llutth.
888 4551 952 4600 llll.
970 4551 1013 4602 20.
