3642 5232
353 227 413 304 174
806 249 889 301 croci
914 247 1090 300 rrrumoun
1114 250 1206 300 srrru

349 375 427 426 rum
458 351 686 452 privatorum
716 353 983 452 possessionem
1013 353 1301 451 acqursiverant‚
1335 375 1428 448 quae
1457 344 1566 452 longe
1605 374 1669 428 ex-

347 472 491 547 cederet
510 471 691 547 redditum
713 495 778 572 pro
805 470 921 548 sacris
941 470 1174 572 patrimoniis
1202 470 1470 546 constituendis
1498 472 1672 571 praefini-

348 601 444 689 tum,
461 597 520 671 vel
536 618 698 695 congruo
714 594 892 673 beneficio
906 595 1063 697 praediti
1081 599 1200 673 erant.
1216 596 1532 671 Praetereundum
1547 603 1671 673 tamen

350 717 447 792 baud
474 715 622 792 silentio
651 723 719 804 est,
753 715 892 791 nullum
927 715 1080 816 lapidem
1120 715 1230 793 hosce
1271 717 1479 792 sacerdotes
1518 717 1677 792 movisse

350 837 390 909 ut
417 832 574 934 legitimi
602 833 738 910 decreti
768 859 891 935 opera,
925 833 1136 911 huiusmodi
1164 835 1261 912 bona
1287 834 1325 908 in
1355 833 1502 910 titulum
1528 835 1677 911 ordina-

350 955 462 1030 tionis
481 953 649 1054 ipsismet
666 955 973 1032 adscriberentur.
999 958 1030 1030 Α
1048 981 1124 1055 qua
1139 953 1345 1032 miserrima
1358 953 1510 1056 ignavia
1522 955 1678 1059 insuper

348 1080 405 1150 est
432 1075 685 1175 repetendum,
720 1074 877 1175 aliquem
914 1077 1138 1151 sacerdotem
1177 1100 1281 1151 sacro
1316 1075 1538 1177 patrimonio
1574 1078 1678 1153 omni

350 1217 498 1294 prorsus
518 1193 624 1268 modo
644 1218 782 1269 curere.
810 1195 900 1270 Nam
922 1219 968 1271 ex
987 1195 1087 1270 obitu
1107 1195 1367 1272 constituentis
1386 1194 1445 1270 ius
1466 1194 1671 1295 personale,

349 1315 541 1394 deficiente
572 1319 812 1394 renovatione
849 1319 1099 1423 inscriptionis
1135 1319 1441 1423 hypothecariae,
1483 1322 1540 1396 ius
1576 1320 1677 1397 reale

350 1441 524 1517 aruissum
554 1441 642 1518 luit.

431 1561 614 1639 Interdum
644 1563 789 1641 curavit
818 1563 1023 1666 Episcopus
1049 1573 1091 1643 ut
1128 1564 1335 1666 presbyteri
1373 1564 1478 1640 bonis
1514 1562 1674 1642 familia·

351 1681 453 1756 ribus
481 1681 646 1759 fruentes
674 1683 741 1759 sibi
771 1709 816 1758 ex
839 1684 883 1758 iis
904 1686 1009 1764 bonis
1037 1709 1171 1762 novum
1204 1685 1466 1786 patrimonium
1496 1684 1681 1762 constitu-

349 1811 467 1880 erent.
499 1803 714 1882 Sacerdotes
733 1810 855 1878 autem
873 1806 936 1906 qui
957 1831 996 1882 se
1017 1808 1062 1884 ad
1081 1806 1304 1908 Episcopum
1329 1807 1608 1894 converterunt,
1643 1805 1684 1880 in

349 1922 606 2001 Ordinationis
636 1923 782 2000 titulum
812 1922 901 2002 illud
931 1926 1053 2028 ipsum
1083 1925 1312 2020 beuefinium,
1351 1926 1446 2026 quod
1472 1928 1572 2001 nacti
1601 1923 1685 2000 tue-

352 2050 438 2119 rant
457 2044 664 2138 obtinuere,

429 2163 500 2240 Sed
516 2167 558 2238 ut
572 2163 799 2239 concientiae
815 2164 954 2240 stimuli
969 2173 1285 2267 conpescerentur,
1310 2164 1443 2266 quibus
1468 2161 1687 2240 afficieban-

352 2295 412 2360 tur
440 2283 658 2386 presbyteri,
684 2285 889 2386 Episcopus
908 2311 1003 2386 quae
1022 2297 1228 2388 sequuntur
1246 2283 1436 2388 proposuit
1453 2283 1682 2384 questiones.

439 2403 595 2491 l.Quum
626 2406 670 2480 de
699 2403 875 2505 expositis
895 2405 1016 2482 causis
1036 2403 1136 2481 reale
1154 2405 1214 2481 ius
1232 2411 1363 2496 cesset,
1388 2405 1537 2479 maneat
1554 2409 1688 2478 tamen

351 2525 407 2600 ius
437 2523 625 2627 personale
654 2525 755 2625 quia,
787 2523 849 2602 illo
886 2523 1072 2616 defuncto,
1114 2525 1176 2626 qui
1220 2551 1250 2600 s.
1293 2523 1554 2626 patrimonium
1592 2545 1690 2597 con-

350 2645 486 2739 stituit,
519 2644 598 2722 eius
628 2645 801 2720 haeredes
829 2644 1056 2746 obligantur,
1089 2652 1210 2747 potest
1247 2668 1294 2720 ne
1330 2643 1403 2721 diei
1441 2642 1560 2719 adhuc
1597 2664 1685 2743 per-

356 2791 561 2843 maneres.
591 2765 873 2866 patrimonium?

429 2885 469 2962 2.
503 2885 551 2962 Et
577 2888 760 2987 quatenus
779 2887 962 2990 negative,
988 2885 1028 2961 in
1047 2883 1360 2986 irregularitatem
1379 2885 1417 2957 et
1435 2906 1609 2958 censuras
1634 2883 1689 2960 in·

352 3007 479 3082 cidisse
507 3006 648 3080 dicendi
678 3029 724 3079 ne
753 3009 841 3079 sunt
872 3007 1074 3104 presbyteri
1105 3004 1175 3080 ittit

431 3127 468 3202 3.
506 3125 778 3227 lrregulruitate
809 3123 1021 3200 afficiuntur
1050 3151 1094 3200 ne
1124 3125 1350 3212 Sacerdotes
1384 3124 1446 3225 qui
1471 3123 1690 3224 patrimonii

351 3248 445 3323 sacri
475 3257 643 3346 expertes
670 3244 803 3332 effecti,
838 3245 934 3320 haud
954 3253 1131 3321 curarunt
1152 3251 1192 3321 ut
1215 3245 1443 3330 beneficium,
1468 3245 1564 3344 quod
1584 3245 1690 3318 nacti

351 3367 501 3458 luerint,
532 3366 603 3441 sibi
622 3367 877 3466 assignaretur
897 3365 934 3439 in
956 3365 1105 3441 titulum
1125 3363 1382 3453 ordinationis,
1405 3371 1443 3438 et
1461 3364 1540 3440 looo
1558 3361 1691 3438 amissi

354 3488 566 3588 patrimonii
596 3487 708 3563 sacrr't

435 3607 472 3681 4.
521 3607 802 3706 lrregularitate
844 3607 1055 3682 detinentur
1094 3631 1139 3682 ue
1180 3605 1393 3682 Sacerdotes
1431 3604 1513 3705 qui,
1554 3605 1692 3681 amisso

354 3753 458 3802 sacro
489 3728 718 3828 patrimonio,
753 3725 852 3802 haud
886 3735 1065 3801 curarunt
1093 3727 1128 3800 id
1166 3725 1236 3801 sibi
1274 3725 1406 3800 iterum
1446 3725 1689 3818 constituere,

352 3849 497 3924 ratione
525 3848 622 3923 ducti
653 3849 747 3948 quud
778 3851 872 3922 bona
900 3847 1109 3946 possideant
1140 3845 1278 3921 maiora
1307 3867 1411 3918 sacro
1446 3845 1691 3944 patrimonio'l

431 3968 716 4058 Quaestionibus
745 3964 936 4056 absolutis,
972 3967 1093 4041 varias
1122 3967 1229 4066 petiit
1265 3963 1470 4066 Episcopus
1494 3962 1694 4042 facultates

353 4095 474 4194 quoad
503 4089 736 4193 presbyteros
765 4094 803 4164 et
831 4113 880 4163 ss.
914 4087 1149 4189 patrimonia.

787 4225 1034 4290 ntueeptatto
1057 4237 1130 4288 syr·
1147 4229 1283 4290 »protem

438 4319 492 4394 Et
522 4339 619 4401 QUAE
656 4337 862 4392 AUTUMAN'I‘
899 4337 1017 4391 SACRA
1055 4337 1287 4391 PA'l'RlMONIA
1328 4335 1512 4389 EXTINCTA
1552 4335 1689 4389 FUISSE.

437 4437 563 4524 Quoad
594 4436 752 4536 primum
784 4435 931 4510 dubium
973 4433 1261 4534 respondendum
1299 4457 1377 4507 esse
1414 4431 1561 4504 videtur
1598 4433 1694 4530 quod

354 4583 459 4636 saera
486 4555 713 4662 patrimonia
742 4556 876 4631 caduca
909 4555 1161 4631 renuncianda
1198 4553 1288 4647 sint,
1326 4552 1414 4656 quia
1452 4553 1618 4627 erboacia
1656 4563 1695 4628 et
