3622 5232
705 255 863 309 occurren
1401 239 1443 310 95

141 355 255 436 Cluisli
283 353 458 451 thlelimu,
490 383 584 460 quae
613 359 690 436 Deo
710 359 748 436 in
769 358 950 438 charitate
970 359 1187 436 coniunctae
1207 359 1253 435 ab
1270 355 1343 434 huc
1367 358 1447 434 luce

140 479 337 578 ruigrrrrnnt,
359 503 421 580 per
438 479 582 556 modum
599 477 767 580 suffragii
783 478 958 580 applicari
981 478 1134 580 possint,
1163 478 1449 555 misericorditer

138 597 166 672 in
191 597 338 674 Domino
375 597 621 698 indulgemus.
663 597 706 675 ln
743 599 973 676 eontrarium
1011 597 1232 676 facientibus
1269 623 1343 675 non
1380 601 1445 676 ob·

137 719 298 794 stantibus
326 719 632 821 quibuscumque.
656 719 923 795 Praesentibus
943 718 1133 820 perpetuis
1151 716 1287 794 lutaris
1306 721 1447 818 tempo

136 837 220 912 ribus
245 835 433 914 valituris.
476 837 655 914 Volumus
684 844 806 914 autem
848 841 890 913 ut
926 838 1173 938 praesentium
1216 837 1444 914 Litterarum

133 958 357 1058 transumptis
386 983 448 1034 seu
479 957 656 1058 exemplis
675 959 788 1032 etiam
807 957 1009 1058 impressis,
1044 981 1156 1032 manu
1185 955 1342 1033 alicuius
1370 957 1449 1034 No-

134 1075 204 1149 larii
231 1077 365 1176 publici
394 1079 622 1178 subscriptis,
645 1081 681 1153 et
700 1075 823 1176 sigillo
850 1101 1026 1178 personae
1054 1077 1094 1154 in
1112 1075 1372 1154 Ecclesiastica
1391 1079 1446 1154 di-

132 1195 257 1295 gnitate
267 1197 491 1275 constitutae
505 1197 670 1290 munitis,
690 1198 814 1274 eadem
831 1222 979 1299 prorsus
995 1196 1214 1274 adhibeatur
1230 1198 1331 1292 tides,
1351 1221 1447 1300 quae

131 1315 351 1395 adhiberetur
378 1318 469 1418 ipsis
496 1317 753 1420 praesensibus
773 1317 805 1393 si
825 1315 947 1396 forent
966 1317 1154 1393 exhibitae
1178 1315 1237 1392 vel
1258 1319 1441 1394 ostensae.

128 1437 284 1538 Denique
322 1438 569 1541 praecipimus
607 1445 648 1514 ut
683 1442 894 1517 earumdem
931 1435 1181 1540 praesentium
1219 1437 1443 1514 Litterarum

128 1557 231 1660 (quod
259 1557 336 1635 nisi
363 1559 430 1637 fiat
457 1557 577 1634 nullas
605 1562 745 1636 easdem
774 1557 1067 1658 essevolumus)
1096 1555 1285 1659 exemplar
1313 1559 1355 1632 ad
1386 1555 1444 1634 Se·

124 1679 308 1755 cretariam
339 1679 647 1782 Congregationis
667 1678 911 1781 Indulgentiis
931 1679 1116 1780 sacrisque
1137 1675 1320 1777 Reliquiis
1340 1703 1447 1778 prae·

123 1798 257 1900 positae
287 1796 475 1876 deferatur
502 1797 609 1876 iuxta.
636 1802 821 1876 decretum
851 1801 897 1876 ab
916 1799 1040 1876 eadem
1062 1797 1363 1900 ‹s‘ongregatione
1388 1798 1447 1874 die

120 1917 206 1994 XIX
237 1919 397 1995 lanuarii
428 1919 652 1998 llDOCLVl
679 1917 797 1997 latum
823 1923 862 1995 et
889 1945 911 1996 a
938 1944 1064 1996 sacrae
1093 1917 1290 1996 memoriae
1326 1919 1447 1995 Bene-

118 2039 211 2116 diclo
236 2039 326 2116 XlV
357 2042 646 2118 Praedeoessore
673 2039 810 2118 Nostro
837 2040 897 2118 die
925 2040 1086 2118 XXVIll
1114 2037 1201 2114 dicti
1241 2040 1377 2116 mensis
1408 2045 1449 2114 et

117 2159 204 2236 anni
232 2161 486 2260 adprobatum.
518 2159 657 2236 Datum
685 2161 829 2240 Romae
858 2163 954 2264 apud
974 2163 1010 2238 S.
1032 2161 1187 2236 Petrum
1207 2161 1275 2238 sub
1295 2160 1448 2236 Annulo

117 2280 321 2356 Piscabrris
349 2280 408 2357 die
435 2281 470 2356 V
498 2279 712 2358 Decembris
742 2279 1070 2371 MDOCOLXXVI
1100 2275 1348 2356 Pontificatus
1376 2281 1443 2355 No-

113 2401 182 2476 stri
212 2425 310 2478 anno
337 2399 664 2503 trigesimoprimo.

195 2645 418 2721 Praesentes
445 2639 593 2718 litterae
621 2642 840 2743 apostolicae
868 2641 1054 2722 exhibitae
1081 2642 1233 2719 fuerunt
1252 2643 1291 2719 in
1320 2644 1449 2722 Secre-

110 2767 212 2840 taria
229 2763 269 2840 S.
287 2761 598 2865 Congregationis
616 2761 929 2866 Indulgentiarum
949 2763 1007 2838 die
1028 2759 1072 2838 17
1094 2762 1306 2840 Decembris
1329 2761 1430 2839 1876

111 2888 152 2963 ln
182 2883 306 2960 tidem.
339 2883 482 2962 Romae
501 2907 545 2958 ex
567 2883 666 2958 «licta
693 2883 902 2960 secretaria
928 2882 988 2958 die
1016 2886 1055 2959 ot
1081 2906 1179 2960 anno
1208 2886 1405 2986 utsupra.

409 3111 618 3190 Doummus
644 3107 775 3190 Suana
804 3087 1069 3188 Suasrrrurus.
