3622 5232
342 245 407 314 158
674 264 861 312 concommm
886 267 1003 314 rnnmrr
1030 269 1064 314 er
1089 268 1327 316 counomrrorus

335 365 381 439 ob
411 363 616 438 absentiam
645 362 811 439 achoro.
839 364 985 440 Etenim
1007 365 1189 441 neminem
1212 365 1307 466 fugit
1325 365 1664 468 compensationem

337 491 414 561 tum
445 483 563 559 locum
583 482 732 570 haltere,
757 509 837 561 cum
862 485 1036 583 utrinque
1055 484 1150 560 adsit
1168 490 1307 563 certum
1327 461 1371 562 ric
1388 484 1567 587 liquidnm
1588 511 1671 560 cre·

337 605 454 682 ditum
476 629 517 680 ac
540 604 714 679 debiturn.
747 605 912 680 lamvoro
940 629 987 680 ex
1015 617 1120 707 parte
1140 605 1316 682 Canonici
1339 605 1385 681 B.
1408 606 1569 682 debitum
1592 629 1674 680 cer-

339 729 419 800 tum
448 728 517 812 est,
542 737 600 798 ast
626 723 803 799 creditum
835 725 930 799 haud
959 747 1039 798 esse
1067 723 1215 800 videtur
1252 723 1449 826 liquidum,
1485 749 1566 800 cunr
1597 749 1673 799 non

340 847 485 921 constet
513 843 598 944 qnid
626 848 664 918 et
691 849 870 941 quantum
898 842 1131 946 impenderit.
1153 843 1308 946 Insuper
1335 847 1367 919 si
1395 844 1603 922 Canonicus
1624 842 1670 920 B.

344 971 385 1040 ut
413 972 638 1040 restauraret
665 965 936 1063 exornaretque
979 961 1183 1040 Ecclesiam
1204 975 1206 982 ⁴
1226 964 1424 1064 plurimum
1453 963 1498 1040 de
1526 965 1675 1064 proprio

252 1155 254 1159 Α
344 1083 534 1185 impendit,
559 1080 660 1160 nullo
688 1089 842 1184 cogente
869 1085 903 1159 id
932 1082 1029 1176 fecit,
1055 1089 1090 1161 et
1119 1091 1160 1160 ut
1187 1084 1398 1162 ostenderet
1438 1107 1542 1159 suam
1585 1109 1676 1184 erga

343 1205 544 1308 Deiparam
574 1203 821 1280 devotionem.
845 1203 945 1303 Ergo
973 1201 1023 1280 nil
1053 1205 1217 1303 repetere
1233 1214 1353 1304 potest
1379 1229 1401 1278 a
1429 1201 1614 1304 capitulo,
1640 1211 1677 1278 et

345 1321 447 1401 nulla
474 1321 619 1398 ratione
647 1319 817 1397 excusari
837 1324 959 1421 potest
978 1348 1000 1396 a
1018 1321 1270 1398 fallentiarum
1293 1321 1489 1412 solutione,
1513 1346 1677 1397 necnon

346 1470 375 1521 a.
395 1431 692 1520 distributionum
721 1440 883 1516 indebite
913 1443 1166 1541 perceptarum
1208 1441 1456 1519 restitutione.
1489 1445 1561 1518 Ast
1588 1443 1677 1517 dato

346 1561 491 1664 quidem
521 1575 559 1636 et
586 1584 659 1636 non
687 1583 860 1636 concesso
887 1561 982 1661 quod
1011 1585 1102 1636 vera
1129 1563 1382 1664 compensatio
1400 1561 1520 1637 locum
1543 1561 1679 1636 habere

348 1683 541 1786 potuisset,
566 1679 602 1756 id
630 1683 756 1757 tamen
784 1703 859 1756 non
886 1678 999 1756 licere
1027 1705 1072 1756 ex
1100 1681 1209 1757 dictis
1237 1689 1354 1783 patet.

456 1801 585 1899 Neque
604 1797 753 1874 concedi
775 1822 881 1898 posse
901 1799 1047 1875 videtur
1066 1799 1255 1876 Canonieo
1275 1799 1320 1877 B.
1346 1799 1525 1877 indultum
1547 1801 1681 1883 absen-

352 1922 429 1998 tiae
450 1948 471 1996 a
490 1920 602 1996 choro
620 1945 688 1995 ceu
706 1920 799 2020 petit
817 1917 1034 2022 Episcopus,
1059 1945 1143 1997 cum
1162 1945 1220 1996 res
1239 1921 1289 1997 sit
1303 1923 1452 1998 omnino
1473 1947 1495 1997 a
1513 1922 1593 1998 iure
1608 1937 1641 1998 et
1659 1950 1680 1997 a

353 2043 460 2142 praxi
482 2041 520 2117 S.
543 2041 588 2119 G.
611 2040 921 2141 Congregationis
941 2041 1200 2131 exhorbitans,
1218 2048 1254 2118 et
1275 2043 1312 2117 in
1329 2042 1408 2119 iure
1428 2043 1565 2130 odiosa,
1590 2065 1680 2116 non-
1798 2113 1799 2142 Ξ

354 2162 422 2236 nisi
445 2186 527 2236 raro
547 2165 585 2235 et
603 2156 835 2260 gravissimis
844 2161 888 2234 de
898 2159 1019 2234 causis
1030 2158 1226 2259 aliqnando
1238 2163 1464 2236 conceditur.
1482 2160 1682 2236 Infirmitas

352 2305 459 2372 vero,
476 2277 893 2380 quaefavoreCanonici
906 2279 950 2354 Β.
966 2277 1162 2380 allegatur,
1177 2303 1221 2353 ea
1233 2303 1304 2354 non
1326 2283 1565 2356 videturesse
1584 2305 1682 2378 quae

354 2423 537 2474 accessum
562 2399 606 2474 ad
626 2395 778 2474 chorum
800 2398 915 2474 eidem
937 2398 1127 2498 impediat:
1150 2399 1179 2472 si
1205 2401 1301 2473 enim
1333 2404 1457 2500 potuit
1484 2399 1686 2476 confessio-

355 2542 438 2593 nem
460 2521 642 2619 excipere,
666 2517 819 2593 verbum
844 2517 912 2592 Dei
939 2517 1164 2617 praedicare,
1196 2517 1343 2618 aliaque
1372 2519 1520 2617 quidem
1548 2517 1686 2618 gravia

355 2662 387 2714 s.
412 2638 608 2714 ministerii
639 2636 767 2712 munia
787 2660 974 2739 peragere,
1001 2661 1090 2712 sane
1113 2637 1234 2713 urinas
1261 2640 1334 2713 erit
1353 2639 1466 2715 choro
1485 2639 1682 2714 interesse.

461 2756 516 2834 Ea
547 2781 644 2842 aaran
672 2780 857 2834 canomco
877 2782 910 2834 Β.
934 2783 1118 2834 rannessa
1138 2783 1341 2837 vrnnnroa.
1367 2759 1458 2836 Cum
1480 2762 1604 2833 tamen
1627 2757 1687 2831 in·
1798 2845 1799 2848 p

357 2879 417 2954 fici
446 2881 605 2980 nequeat
631 2880 725 2978 quod
756 2877 967 2956 Canonicos
986 2879 1031 2954 B.
1054 2879 1188 2954 bonurn
1209 2903 1299 2981 opus
1319 2881 1493 2979 operatus
1522 2877 1582 2966 sit,
1608 2883 1685 2951 tom

356 3001 477 3101 quoad
507 2999 712 3074 animarum
741 2996 910 3074 salutem.
953 3003 1028 3072 turn
1072 2999 1191 3099 quoad
1233 3002 1404 3073 ornatum
1435 3005 1472 3070 et
1501 2999 1689 3072 instaura-

357 3120 510 3210 tionem,
537 3117 694 3220 propriis
722 3119 908 3220 impensis,
935 3118 1132 3212 Ecclesiae,
1164 3143 1259 3220 quae
1289 3121 1327 3194 in
1357 3124 1553 3218 patronatu
1575 3117 1690 3220 Capi-

358 3239 427 3315 tuli
456 3245 523 3327 est,
548 3238 743 3314 conventio
772 3239 967 3338 approbari
1010 3264 1112 3337 posse
1156 3241 1352 3314 videretur.
1386 3237 1435 3312 Et
1465 3263 1502 3312 re
1540 3239 1689 3336 quidem

361 3384 450 3437 vera
468 3360 606 3460 optimo
626 3360 705 3434 inre
724 3358 842 3434 visum
864 3363 921 3433 est
939 3357 1135 3436 Canoniois
1151 3359 1284 3459 quibus
1299 3357 1490 3434 fallentiae
1509 3356 1686 3434 Canonici

360 3480 405 3556 B.
429 3503 635 3554 accrescere
668 3477 886 3565 debuerunt,
911 3501 974 3552 eas
1007 3477 1052 3552 ab
1090 3476 1215 3552 eodem
1254 3475 1351 3552 haud
1384 3481 1550 3576 repetere
1579 3497 1688 3576 posse

360 3599 448 3700 quia
476 3599 579 3698 ipsis,
603 3609 729 3698 utpote
756 3597 923 3697 patronis
952 3597 1158 3697 praedictae
1187 3595 1373 3674 Ecclesiae
1411 3595 1520 3697 plura
1550 3597 1690 3669 incum-

366 3717 502 3794 bebant
546 3741 660 3793 onera
687 3715 784 3792 circa
826 3716 1004 3807 eamdem,
1046 3739 1140 3815 quae
1169 3741 1212 3792 eo
1240 3717 1438 3792 devenerat
1469 3720 1510 3789 ot
1537 3713 1692 3812 camella·

363 3862 444 3913 rum
476 3835 745 3936 receptaculum
768 3833 898 3910 effecta
927 3835 1050 3926 fuerit,
1085 3836 1257 3938 nullaque
1285 3837 1427 3910 adesset
1447 3835 1506 3910 via
1534 3858 1628 3933 quae
1648 3835 1693 3908 ad

363 3953 569 4034 Ecclesiam
598 3957 760 4032 duceret.
785 3956 882 4032 Hinc
902 3956 1076 4056 quoniam
1097 3954 1270 4057 Capitulo
1290 3953 1427 4055 aliquid
1447 3955 1603 4030 debebat
1622 3951 1691 4027 Ca·
1798 4005 1799 4010 ,

364 4077 518 4154 nonicus
546 4075 586 4150 Β.
612 4077 754 4152 ratione
786 4082 1104 4177 punctatur-arum,
1129 4091 1167 4150 et
1194 4074 1405 4176 Capitulum
1426 4075 1614 4152 Canonico
1634 4100 1694 4148 ra·
1798 4083 1799 4086 ’

364 4199 466 4274 tione
493 4219 739 4296 expensarum
769 4196 930 4296 quaein
962 4195 1126 4271 Ecclesia
1153 4196 1344 4298 praedicte
1376 4193 1493 4268 sactae
1523 4193 1686 4283 inerant,

365 4319 410 4394 ad
438 4317 632 4393 evitandos
660 4316 788 4391 inanes
817 4313 992 4391 circuitus
1020 4314 1121 4390 locus
1150 4314 1435 4415 compensationi
1485 4315 1591 4388 datus
1620 4319 1688 4389 est.

366 4439 460 4518 Cum
489 4462 577 4536 ergo
604 4436 724 4513 omnis
752 4434 1054 4511 collusioexalet
1082 4440 1192 4534 atque
1221 4435 1403 4510 remissie.
1425 4436 1590 4532 praelata
1611 4457 1695 4507 eon·
1798 4469 1799 4476 κ

367 4561 493 4636 ventio
521 4559 735 4636 Tridentino
765 4579 836 4630 non
867 4556 1093 4644 adversatur,
1119 4553 1272 4652 ideoque
1303 4556 1447 4652 probari
1483 4559 1612 4652 potest.
