3674 5210
389 275 432 354 tt
891 301 1031 355 nrrsrout
1056 305 1215 355 rueretur

390 412 503 486 Patre
531 404 900 499 misericordiarum,
932 410 975 482 ut
1004 410 1043 482 tu
1070 411 1258 508 gestorum
1288 411 1436 484 tuorum
1474 407 1713 511 pravitatem,

390 545 428 608 et
455 555 652 608 causarum
681 554 773 631 quas
791 528 838 603 iis
863 528 1079 604 excusandis
1098 528 1282 629 praeteris
1303 527 1533 624 futilitatem,
1557 556 1718 609 necnon

389 651 652 756 gravissimum
681 649 845 726 debitum
873 672 946 749 quo
974 647 1115 752 urgeris
1144 645 1334 724 Ecclesiae
1364 649 1431 726 Dei
1469 650 1717 728 satisfaciendi

391 795 610 875 agnoscam,
641 770 761 845 redire
788 767 880 871 velis
909 769 953 844 ad
982 791 1073 858 cor3
1104 792 1271 870 quaeque
1301 793 1493 870 perperam
1531 771 1714 872 gessisti,

391 893 562 972 detestari
592 915 635 968 ac
663 891 867 966 retractare
895 913 970 966 non
998 887 1166 963 moreris.

473 1010 619 1098 »Quae
647 1012 731 1111 post
758 1012 863 1084 tunm
892 1007 939 1083 ab
986 1007 1090 1087 Urbe
1132 1006 1366 1099 discessum,
1398 1006 1722 1111 Constantinopoli

396 1135 582 1235 primum,
615 1153 699 1205 mox
726 1127 766 1204 in
795 1131 858 1203 tuo
886 1124 1141 1229 patriarchatu
1170 1127 1289 1228 egeris
1318 1153 1435 1228 usque
1468 1133 1513 1206 ed
1555 1131 1723 1207 declara-

392 1249 529 1330 tionem
558 1255 646 1326 tuae
674 1249 904 1326 adhaesionis
933 1252 972 1325 et
999 1247 1252 1324 submissionis
1281 1250 1434 1326 decretis
1461 1249 1619 1328 Concilii
1645 1254 1724 1327 Va-

393 1373 506 1450 ticani
533 1373 667 1447 editam
698 1369 755 1444 die
783 1369 911 1446 XXIX
941 1367 1023 1444 tulii
1051 1391 1112 1443 an.
1146 1367 1454 1448 MDCOOLXXII
1491 1373 1725 1472 praetermit-

394 1499 477 1570 tere
504 1493 622 1568 iuvat.
656 1489 759 1579 Quae
788 1489 886 1566 enim
916 1515 938 1564 a
967 1495 1029 1582 te,
1060 1513 1104 1565 eo
1141 1491 1319 1592 temporis
1356 1493 1499 1590 spatio,
1532 1517 1724 1593 perperam

395 1619 544 1716 patrata
571 1612 734 1700 fuerunt,
767 1617 804 1686 et
831 1609 1082 1711 Apostolieam
1112 1609 1285 1686 Nostram
1326 1610 1605 1690 sollicitudiuem
1649 1637 1725 1714 qua

395 1730 651 1836 spiritualibus
678 1731 754 1807 tuis
781 1729 1063 1807 necessitatibus
1090 1728 1357 1818 consuluimus,
1381 1733 1493 1832 probe
1514 1734 1720 1832 cognoscis.

398 1851 473 1928 Nos
502 1853 739 1954 sperabamus
767 1850 908 1927 nullam
937 1848 1093 1949 amplius
1121 1848 1256 1924 doloris
1284 1873 1431 1924 causam
1454 1860 1488 1925 te
1512 1851 1625 1927 Nobis
1645 1877 1725 1928 esse

399 1972 662 2074 praebiturum.
696 1971 786 2046 Post
812 1971 883 2046 hoc
909 1973 1055 2069 tempus
1083 1967 1228 2044 litterae
1257 1995 1279 2042 a
1307 1974 1343 2044 te
1362 1979 1470 2046 datae
1490 1970 1641 2047 fuerunt
1666 1973 1726 2049 die

397 2091 698 2168 decimasecunda
725 2088 816 2166 Maii
843 2112 904 2163 an.
951 2085 1261 2164 MDGOOLXXII
1303 2091 1347 2163 ad
1379 2095 1619 2165 memoratam
1660 2113 1726 2165 no-

399 2219 514 2287 stram
542 2207 906 2310 Congregationem,
939 2205 1071 2306 quibus
1098 2205 1339 2307 postulabas,
1374 2212 1415 2283 ut
1456 2207 1521 2282 tibi
1567 2207 1727 2286 facultas

399 2334 550 2406 daretur
578 2329 764 2429 episcopos
794 2327 831 2401 in
862 2324 1068 2401 Melabaria
1087 2325 1349 2416 constituendi;
1371 2325 1428 2400 cui
1450 2326 1622 2424 petitioni
1643 2353 1727 2404 curn

401 2453 475 2529 Nos
504 2470 668 2524 annuere
696 2469 771 2521 non
799 2467 987 2546 possemus
1014 2443 1059 2518 ob
1088 2466 1218 2517 causas
1246 2441 1319 2518 iam
1353 2443 1487 2543 pluries
1517 2445 1584 2520 tibi
1612 2446 1730 2550 signi·

400 2573 543 2659 ficatas,
566 2567 663 2644 haud
693 2565 807 2641 multo
835 2567 931 2664 post,
967 2562 1206 2662 praestitutos
1226 2563 1292 2638 tibi
1321 2563 1498 2639 terminos
1518 2565 1730 2666 transgredi

401 2716 475 2768 nun
503 2687 691 2776 dubitasti,
716 2683 934 2785 posthabitis
962 2682 1112 2758 omnino
1132 2688 1169 2757 et
1188 2683 1371 2782 despectis
1392 2689 1485 2758 tum.
1508 2685 1730 2786 Apostoliris

404 2809 547 2888 Nostris
576 2806 731 2893 litteris,
766 2827 922 2903 quarum
952 2801 1098 2878 initium
1132 2799 1230 2878 Cam
1249 2805 1523 2886 ecclesiastico,
1539 2806 1643 2905 queis
1672 2831 1732 2881 re-

401 2929 508 3032 gulas
536 2927 633 3002 circa
662 2923 915 3024 episcoporum
937 2920 1153 2998 electionem
1176 2925 1376 2999 servandas
1395 2925 1630 3015 sancivimus,
1651 2930 1731 3000 tum

402 3049 485 3126 aliis
513 3047 648 3147 quibus
675 3046 714 3118 et
741 3041 852 3118 semel
882 3047 920 3117 et
946 3041 1079 3117 iterum
1110 3041 1177 3116 tibi
1206 3042 1472 3144 praecepimus,
1505 3067 1551 3119 ne
1580 3045 1617 3118 in
1649 3045 1733 3119 Ma·

403 3165 546 3245 lobaria
572 3164 771 3265 quidquam
803 3163 971 3236 auderes.
1006 3161 1099 3236 Nam
1128 3160 1220 3237 duos
1248 3162 1482 3262 presbyteros
1530 3164 1733 3264 episcopali

403 3288 632 3372 charactere,
665 3305 801 3381 augere
830 3303 967 3382 eosque
993 3279 1219 3356 dioecesibus
1247 3280 1417 3380 regendis
1455 3285 1593 3357 temere
1640 3307 1727 3358 con-

403 3408 568 3495 stituere,
594 3407 632 3477 et
659 3401 865 3500 episcopum
896 3399 1014 3476 Etiam
1045 3400 1179 3477 Mellus
1208 3401 1248 3476 in
1277 3399 1516 3476 Melabariam
1547 3403 1733 3478 destinare

405 3534 531 3603 contra
561 3521 734 3598 mandata
763 3526 888 3596 nostra
914 3545 989 3596 non
1018 3545 1055 3595 es
1084 3519 1237 3610 veritus,
1270 3521 1332 3622 qui
1362 3521 1525 3596 eiusdem
1571 3521 1733 3621 regionis

406 3639 675 3742 metropolitam
705 3662 743 3712 se
770 3661 983 3739 nuncupare
1011 3637 1225 3740 praesumit.

489 3761 606 3836 »Hos
633 3767 716 3834 tuos
744 3783 856 3835 ausus
884 3784 978 3862 quac
1009 3760 1103 3835 mala
1131 3760 1255 3838 statim
1286 3763 1515 3861 consequuta
1556 3759 1729 3853 luerint,

405 3889 443 3959 et
469 3907 563 3981 quae
592 3880 725 3954 damna
752 3879 860 3953 iidem
889 3879 1093 3956 catholicae
1130 3879 1304 3955 ecclesiae
1342 3880 1486 3956 tamin
1529 3879 1735 3956 Melabaria

405 4025 515 4103 quam
542 3999 583 4075 in
611 3997 881 4098 Mesopotamia
923 3998 1142 4090 intulerint,
1176 4003 1215 4074 ct
1242 4005 1420 4100 quantum
1465 3997 1619 4074 dedecus
1647 4004 1734 4074 tuae

405 4121 581 4222 dignitati
611 4125 648 4195 et
676 4118 758 4193 fidei
780 4119 993 4220 irrogarint,
1015 4119 1107 4194 satis
1123 4119 1253 4195 deflere
1295 4143 1369 4194 non
1389 4143 1597 4220 possumus,
1623 4119 1730 4208 Nam,

407 4243 593 4316 adnitente
624 4238 808 4339 praedicto
839 4237 1016 4338 Episcopo
1045 4239 1141 4327 Elia,
1162 4263 1268 4340 quem
1291 4238 1440 4315 violatis
1460 4238 1609 4313 Nostris
1629 4241 1737 4314 iussis

406 4362 445 4436 in
474 4359 717 4436 Melabariam
748 4358 890 4450 misisti,
923 4360 961 4433 et
990 4358 1142 4434 solemni
1171 4358 1576 4451 excommunicatione,
1611 4365 1739 4434 aucto-

409 4484 515 4557 ritate
543 4481 678 4556 Nostra
706 4479 902 4568 contixum,
937 4477 1013 4554 illic
1042 4503 1191 4553 manere
1220 4480 1333 4560 iubes,
1369 4479 1582 4576 perturbata
1610 4479 1656 4551 ibi
1681 4489 1739 4552 est

407 4599 601 4704 disciplina
629 4597 905 4690 ecclesiastica3
937 4599 982 4674 ad
1011 4596 1158 4673 ordines
1187 4595 1300 4670 etiam
1329 4619 1454 4669 sacros
1494 4593 1652 4680 prouroti
1681 4596 1738 4672 iu-
