3670 5222
930 206 1117 257 cicestren.

355 187 670 410 tridulgentiarurn
691 307 879 409 recognito
900 310 938 383 et
953 307 1155 409 approbato
1169 306 1226 382 die
1250 301 1295 380 18
1311 301 1536 406 Septembris
1554 299 1673 400 1862,

354 451 420 502 nec
449 451 523 502 non
551 451 596 501 ex
625 425 735 500 Brevi
763 425 969 503 Innocentii
1000 425 1051 502 Xl
1078 424 1148 500 diei
1189 425 1233 500 31
1276 425 1359 502 lulii
1390 411 1518 501 'lota
1558 425 1674 528 incip.

354 545 491 648 Nuper
499 571 576 649 pro
584 555 715 648 purte.
733 545 854 622 Dubia
869 547 991 621 auteur
1014 569 1108 645 quae
1128 545 1348 621 concinnata
1362 545 1465 621 luere
1480 549 1570 621 sunt
1583 573 1678 646 quae

353 669 571 766 sequuntur.

457 783 487 860 l.
522 785 658 863 Utrurn
690 782 907 860 Confratres
934 791 971 858 et
998 783 1224 862 Conscrores
1252 785 1429 884 cuiusque
1462 785 1677 864 Confratcr-

217 993 219 998 Ι
351 897 480 976 nitatis
510 903 597 975 tunc
625 899 822 974 existentis
850 898 1027 974 facultate
1055 901 1092 974 in
1123 899 1289 1002 praefrto
1309 902 1467 976 Decreta
1487 903 1680 1002 impertita
1821 977 1822 990 ,

351 1021 512 1122 gaudere
542 1021 682 1120 possint
710 1025 745 1094 et
777 1019 935 1108 valeant,
969 1019 1050 1095 sine
1078 1046 1229 1097 recursu
1260 1023 1303 1097 ad
1332 1022 1371 1098 S.
1396 1021 1522 1098 Sedern
1544 1021 1605 1098 vel
1633 1025 1679 1100 ad
1821 1057 1822 1084 1

353 1141 421 1218 hoc
447 1141 566 1216 dictus
596 1133 767 1217 recursus
795 1143 846 1215 sit
870 1141 1101 1216 necessarius
1121 1165 1168 1216 ex
1192 1141 1309 1217 verbis
1329 1141 1569 1242 sequentibus
1588 1143 1678 1218 dicti

353 1260 514 1337 Decreti:
548 1260 746 1361 Volur'tque
766 1260 962 1337 Sanctitas
984 1260 1067 1337 Suo
1085 1261 1183 1336 hunc
1202 1267 1376 1364 pretium
1381 1319 1462 1339 .....
1485 1263 1680 1364 adprcres

353 1381 615 1483 cuiuscumque
643 1379 812 1458 Sodalitii
842 1379 1014 1457 concedit

461 1500 507 1577 ll.
530 1500 579 1577 ut
598 1503 780 1600 quatenus
801 1498 1021 1576 affirmative
1041 1502 1086 1577 ad
1105 1501 1261 1601 primam
1282 1509 1421 1602 partera
1442 1501 1542 1577 dubii
1567 1503 1681 1604 primi

354 1625 478 1698 utrum
509 1619 727 1698 Contratres
755 1622 794 1694 et
821 1617 1048 1696 Consorores
1075 1620 1290 1698 sodalitatis
1320 1619 1424 1698 88ῶί
1456 1621 1605 1698 Rosarii
1634 1646 1681 1697 ex

356 1737 505 1844 speciali
535 1740 572 1817 S.
596 1739 701 1816 Sedis
729 1735 918 1830 facultate,
951 1741 1034 1839 post
1053 1738 1252 1815 Decretum
1273 1736 1478 1839 praefatum
1501 1739 1547 1814 ab
1571 1736 1683 1815 Ordi-

355 1859 460 1936 nario
488 1858 556 1935 loci
587 1863 730 1934 erectae
759 1883 840 1934 curn
872 1856 1151 1958 participatione
1180 1859 1342 1934 oxnniuru
1375 1883 1417 1932 ac
1445 1857 1676 1958 singularum

354 1977 686 2080 Indulgentiariurn
715 2003 758 2054 ac
795 1976 951 2054 aliarum
989 1975 1195 2079 gratiarum
1236 1977 1506 2078 Spiritoatium,
1547 1979 1680 2079 quibus

359 2102 476 2180 ditata
492 2102 897 2178 Arohioonfraternitas
917 2103 1124 2178 huiusmodi
1142 2102 1285 2178 Rornae
1300 2108 1422 2177 erecta
1442 2103 1681 2178 antedictum

355 2224 554 2298 Decretum
582 2223 743 2321 gaudere
772 2219 914 2321 possint
940 2228 978 2296 et
1006 2219 1154 2297 valeant
1181 2218 1356 2296 facultate
1378 2219 1414 2295 in
1435 2219 1505 2297 hoc
1522 2221 1681 2297 Decreto

361 2339 550 2417 concessa?

462 2460 524 2536 lll.
554 2461 687 2539 Utrum
710 2457 877 2536 recitatio
898 2457 1047 2536 Rosarii
1068 2461 1198 2562 integri
1222 2460 1259 2536 in
1279 2459 1444 2560 qualibet
1462 2459 1675 2560 septimana

358 2574 568 2676 requiratur
596 2577 638 2651 ad
668 2575 941 2676 consequendas
980 2573 1227 2676 Indulgentias
1268 2574 1680 2652 Archicoufraternitati

359 2698 505 2774 Rornae
532 2701 676 2774 erectae
705 2694 911 2796 impertitas
940 2700 1015 2768 tarn
1046 2717 1111 2794 pro
1138 2693 1228 2771 dicti
1260 2694 1407 2772 Rosarii
1445 2692 1675 2782 recitatione,

357 2837 468 2914 quarn
497 2815 674 2914 proeliis
703 2815 887 2915 operibus,
919 2814 972 2888 ita
1009 2817 1051 2889 ut
1087 2813 1236 2888 ornissio
1276 2812 1427 2892 Rosarii
1466 2813 1602 2913 integri
1642 2813 1681 2888 in

358 2932 566 3033 septimana
592 2933 730 3010 officiat
758 2933 1006 3008 consecutioni
1045 2931 1359 3033 indulgentiarum
1395 2957 1462 3033 pro
1500 2932 1583 3008 aliis
1601 2932 1680 3034 qui-

360 3051 518 3127 uolitet
545 3051 718 3151 operibus
748 3052 817 3153 piis
845 3075 1113 3140 concess-arunt,
1148 3077 1297 3154 nernpe:
1329 3077 1395 3154 pro
1423 3052 1682 3129 communione

359 3173 397 3247 in
425 3169 591 3246 Ecclesia
609 3169 940 3248 Confraternitatis
960 3173 997 3246 iu
1017 3172 1135 3272 prirna
1158 3171 1347 3248 uominiea
1365 3171 1560 3250 cuiuslibet
1580 3195 1686 3247 men-

359 3291 424 3382 sis,
456 3314 523 3390 pro
542 3289 720 3365 cornitatu
741 3289 983 3390 processionis
1015 3290 1118 3366 88ῶί
1148 3290 1298 3368 Rosarii
1334 3293 1410 3368 tarn
1441 3291 1482 3368 in
1517 3290 1685 3392 praefata

359 3409 568 3503 Dominica,
599 3433 712 3508 quarn
741 3407 778 3486 in
809 3416 950 3510 septeni
980 3407 1084 3486 lestis
1113 3411 1157 3486 B.
1190 3411 1244 3487 M.
1280 3411 1446 3512 Virginis
1468 3433 1532 3511 pro
1554 3410 1680 3485 visita-

359 3531 461 3604 tione
488 3528 686 3631 Oappellae
707 3552 771 3603 seu
792 3527 932 3603 Altaris
953 3527 998 3604 B.
1026 3531 1076 3604 ll.
1103 3531 1271 3630 Virginis
1290 3531 1328 3606 in
1351 3529 1543 3606 Durninica
1563 3529 1683 3629 prima

360 3649 554 3727 cuiuslibet
584 3649 728 3741 utensis,
762 3650 799 3724 in
828 3650 991 3750 quinque
1009 3651 1220 3751 praecipuis
1240 3648 1343 3726 lestis
1364 3649 1407 3724 B.
1436 3652 1490 3726 Μ.
1520 3648 1687 3747 Virginis

360 3795 404 3846 ac
432 3769 516 3845 aliis
545 3771 672 3846 diebus
692 3775 729 3846 et
747 3769 904 3846 coeteris
923 3769 1104 3845 similibus
1123 3769 1194 3870 piis
1213 3769 1403 3871 operibus?
1427 3768 1495 3844 Vel
1514 3768 1686 3846 recitatio

363 3887 514 3967 Rosarii
534 3887 673 3991 integri
694 3889 733 3964 in
752 3889 960 3990 septirnana
975 3888 1190 3989 'requiratur
1209 3893 1352 3966 tanturn
1374 3891 1418 3965 ad
1438 3889 1687 3989 assequendas

362 4010 614 4114 Indulgentiae
643 4009 851 4087 recitationi
881 4009 1031 4088 Rusarii
1061 4011 1236 4101 adnexas,
1270 4010 1421 4088 minime
1450 4033 1537 4084 vero
1567 4007 1611 4083 ad
1631 4006 1690 4083 lu·

363 4143 516 4219 crandas
544 4141 797 4245 Indulgentias
825 4167 891 4244 pro
919 4141 1003 4219 aliis
1033 4145 1103 4245 piis
1131 4142 1304 4243 operibus
1333 4140 1544 4218 concessas?

471 4263 536 4338 lV.
578 4261 671 4350 Quid
721 4262 1001 4363 intelligendum
1048 4273 1104 4339 est
1151 4287 1214 4362 per
1259 4264 1370 4337 verba
1410 4259 1685 4360 subsequentia,
1821 4323 1822 4326 ,

365 4386 489 4489 Caput
519 4388 585 4463 Vll
616 4389 795 4486 integrunt
826 4412 919 4487 quae
957 4388 1132 4488 leguntur
1168 4390 1235 4462 sub
1272 4387 1403 4463 tinen.
1436 4385 1477 4461 2.
1509 4384 1603 4487 Cap.
1637 4383 1690 4462 IX
1821 4423 1822 4434 .

367 4507 533 4612 Catalcgi
551 4507 866 4614 Indulgentiaruru
887 4507 990 4583 SSni
1008 4507 1158 4584 Rosarii
1177 4533 1200 4582 a
1221 4507 1432 4584 Sanctitate
1451 4509 1527 4586 Sua
1549 4507 1619 4583 Pio
1641 4507 1690 4586 [Χ
