3622 5232
361 221 403 291 90
928 245 1127 295 cluentinus

441 343 487 418 V.
510 343 603 418 Nam
624 341 719 418 siout
738 340 898 418 conditio
915 345 1132 442 suspensive
1151 343 1318 420 existens
1342 347 1551 447 retropouit
1578 347 1685 449 quasi

360 465 405 540 ab
436 465 542 540 initio
570 467 802 542 ciiritrectum
831 472 944 550 essen
976 465 1029 539 ite
1048 465 1210 540 conditio
1230 465 1431 543 resolutiva
1452 470 1552 544 retro
1570 467 1681 558 tollit,

359 587 462 686 quasi
492 586 539 662 ab
567 585 674 661 initio
702 586 797 662 nihil
825 597 946 662 aetum
977 592 1086 662 esset.

443 704 495 782 Vl
522 704 564 780 In
596 702 757 780 themate
784 705 900 781 uideri
930 705 1024 782 bona
1046 704 1285 806 Capellauiee
1313 706 1450 784 ‹louate
1478 705 1593 783 luisse
1618 710 1687 786 sub

359 823 570 902 conditione
600 823 815 916 resolutiva,
846 823 900 916 ita
929 829 982 914 ut,
1014 821 1083 898 hec
1112 825 1309 917 existente,
1343 824 1383 900 in
1416 826 1618 902 absolutam
1649 835 1689 903 et

359 945 405 1021 ab
433 945 533 1022 omni
563 969 674 1022 onere
695 944 851 1022 liberam
870 943 1136 1049 proprietatem
1167 947 1365 1023 haeredum
1400 944 1463 1024 illa
1491 947 1670 1050 redirent.

524 2262 730 2332 iussurum
754 2263 1048 2330 NONNULLORUM
1076 2262 1342 2328 nrtscurttnun
1367 2263 1523 2326 trullas

700 2381 833 2458 Quoto
849 2399 867 2444 e
884 2381 1033 2446 unsrun
1058 2381 1313 2457 EXEQUATUR.
1334 2403 1350 2442 s

442 2619 611 2720 Episcopi
640 2618 871 2696 Dioeoesium
900 2619 1126 2696 N.N.N.N.
1149 2619 1276 2697 ltaliae
1303 2619 1483 2722 Regionis
1512 2645 1693 2696 memmae

359 2763 515 2838 praxeos
543 2763 652 2841 qnam
686 2739 784 2816 circa
815 2739 990 2845 Raptum
1025 2751 1241 2843 exequatur
1273 2765 1415 2841 semper
1449 2747 1605 2844 sequuta
1634 2751 1693 2818 et

360 2858 469 2936 Sedes
517 2857 699 2956 Romane,
744 2863 874 2937 contra
919 2863 1016 2962 quod
1062 2859 1231 2938 formiter
1273 2863 1558 2964 protestationes
1598 2863 1693 2936 emi·

359 2981 435 3074 sit,
467 2980 553 3057 huic
595 2981 700 3082 praxi
743 3007 823 3056 sese
864 2985 1120 3072 accomodare,
1165 2982 1400 3082 eamdemque
1442 2983 1545 3080 sequi
1587 2981 1692 3056 omui

360 3098 398 3175 iu
427 3099 598 3176 adiuncto
626 3097 695 3174 sibi
725 3123 770 3174 ex
800 3099 1045 3178 conscientiae
1065 3101 1186 3178 debito
1204 3105 1374 3203 oportere
1395 3101 1562 3178 arbitrati
1586 3107 1689 3175 suut:

359 3217 468 3320 idque
495 3243 539 3295 eo
567 3219 740 3296 libentius
769 3220 1024 3320 inpleverunt,
1056 3223 1154 3320 quod
1189 3222 1234 3297 ab
1267 3221 1423 3300 huiusce
1456 3221 1510 3296 rei
1541 3218 1692 3321 petitiu-

360 3361 405 3411 ne
447 3359 559 3435 quum
603 3359 683 3411 sese
725 3334 982 3428 abstinerent,
1012 3335 1153 3412 nullum
1192 3337 1329 3411 cislem
1368 3337 1467 3412 aliud
1504 3339 1585 3412 erat
1622 3359 1689 3410 ex-

360 3457 626 3532 tiritesoenlurir
655 3453 805 3543 ioelum,
837 3477 947 3553 quam
976 3478 1099 3531 rerum
1132 3454 1388 3557 temporalium
1424 3453 1685 3556 privationem,

362 3583 399 3650 et
430 3574 624 3650 innumera
652 3571 860 3673 personalia
887 3570 1084 3662 sacritioie3
1106 3575 1239 3674 quibus
1260 3573 1405 3648 obviam
1426 3572 1480 3648 ire
1498 3595 1545 3647 ex
1565 3573 1690 3646 auimo

360 3693 477 3796 parati
508 3699 626 3769 erunt.
661 3693 927 3768 Verumtamen
954 3691 1087 3770 Civilis
1116 3693 1294 3770 Guberuii
1316 3694 1552 3795 nuperrimae
1572 3689 1689 3790 dispo·

359 3812 527 3904 sitiones,
558 3836 654 3913 quae
682 3811 916 3888 infensiorem
946 3812 986 3890 in
1016 3811 1216 3892 Ecclesiam
1246 3811 1385 3888 Christi
1416 3813 1577 3890 inuuunt
1603 3810 1691 3888 oha-

358 3936 551 4024 racterem,
584 3955 701 4032 eoque
731 3935 932 4033 properent
971 3941 1012 4010 ut
1051 3933 1259 4035 Episcopali
1296 3932 1502 4009 ministerio
1535 3931 1691 4032 impedi·

360 4057 521 4129 mentum
552 4050 727 4142 inferant,
765 4051 861 4129 tales
899 4065 1031 4155 parant
1068 4051 1319 4144 difficultates,
1358 4077 1452 4154 quae
1488 4051 1690 4128 niaximum

359 4170 671 4252 Christillilelibus
707 4170 776 4248 sibi
812 4173 962 4248 creditis
1000 4172 1198 4252 discrimen
1235 4173 1406 4274 gignant.
1449 4173 1529 4257 (lut
1569 4171 1611 4245 tle
1650 4194 1690 4244 re

359 4293 575 4393 Supremam
604 4291 761 4374 S.R.U.
793 4290 1049 4394 inquisitionis
1068 4293 1406 4395 congregationem
1428 4303 1563 4366 rutrum
1583 4317 1691 4392 prae-

360 4410 427 4488 fati
456 4409 617 4488 locorum
645 4409 834 4490 Ordinarii
869 4435 912 4486 eo
946 4411 1097 4488 consilio
1134 4421 1174 4487 ut
1207 4411 1437 4488 necessarius
1472 4413 1516 4485 ab
1551 4411 1689 4487 Eadem

360 4530 536 4628 hauriant·
563 4529 840 4610 instructiones.
875 4557 941 4608 uec
969 4555 1040 4606 non
1069 4533 1245 4607 certiores
1274 4533 1366 4606 liunt
1401 4541 1523 4607 utrum
1557 4529 1616 4606 his
1650 4528 1688 4604 iu
