3622 5232
379 228 422 298 76
813 253 1062 302 orsrmsurmuou
1088 255 1124 300 rr
1148 255 1268 302 osauuu

379 355 611 460 Receptitiae
626 354 812 434 Ecclesiae
833 358 1077 460 mancipabat,
1090 358 1412 462 functionibusque
1427 358 1605 440 intererat
1623 365 1702 444 tam

375 480 485 558 certis
512 503 625 579 quam
653 479 876 566 adventitiis,
900 478 1181 556 distributiones
1208 480 1430 582 percipiens.

482 595 658 686 Quaestio
686 602 769 673 orta
797 602 854 672 est
894 622 940 672 au
984 598 1153 675 Antonio
1181 598 1240 674 ius
1281 600 1508 700 competeret
1534 598 1702 678 lucrandi

376 717 629 797 emolumenta
656 734 756 793 certa
784 720 822 792 et
849 717 1053 794 adventitia
1070 716 1256 794 Ecclesiae
1276 719 1508 820 receptitiae:
1530 719 1637 822 eique
1657 723 1703 799 de

377 837 469 914 bono
497 839 537 914 et
564 860 681 938 aequo
699 860 777 912 rem
797 835 973 914 definiens
992 834 1084 912 favit
1102 835 1323 938 Episcopus,
1345 838 1557 916 decernens:
1580 840 1703 942 ipsum

375 955 456 1034 iure
483 953 617 1058 pollere
645 953 855 1056 acquirendi
883 953 1132 1030 emolumenta
1159 959 1237 1032 tam
1265 962 1366 1030 certa
1390 979 1502 1058 quam
1530 959 1705 1036 adventi-

376 1075 445 1170 tia,
469 1075 576 1151 iuxta
593 1071 743 1153 Statuta
768 1070 1019 1152 Ecclesiarum
1048 1071 1361 1175 Receptitiarum.

482 1196 585 1272 Haec
610 1191 879 1270 controversiae
921 1191 1084 1268 delinitio
1119 1215 1194 1268 non
1240 1191 1367 1268 arrisit
1406 1191 1626 1295 quibusdam
1654 1218 1703 1271 ex

376 1313 708 1418 Partioipantibus,
731 1313 795 1416 qui
823 1315 869 1392 ad
897 1312 936 1392 S.
960 1311 1115 1392 Ooncilii
1158 1313 1496 1416 congregationem
1524 1316 1704 1420 confuge-

375 1445 464 1516 runt
491 1438 535 1514 ut
560 1433 636 1510 tria
661 1432 772 1510 dubia
798 1432 972 1509 dirimere
999 1432 1228 1535 dignaretur.

481 1554 512 1632 l.
533 1551 599 1630 An
623 1549 843 1628 Cocanicus
858 1549 1106 1628 Honor-arius
1126 1558 1270 1654 quoties
1282 1577 1473 1654 praesens
1491 1563 1547 1630 est
1565 1561 1605 1628 in
1627 1555 1705 1632 Ec-

375 1679 491 1754 clesia
518 1671 745 1775 Receptitia,
767 1676 875 1746 toties
895 1670 1195 1781 ,distribuamus
1226 1679 1307 1747 tam
1338 1685 1462 1749 certas
1493 1699 1612 1776 quam
1641 1685 1704 1750 ia·

375 1804 499 1871 certas
526 1791 723 1867 lucretur?

480 1911 531 1989 Et
557 1912 741 2013 quatenus
770 1905 1008 1987 affirmative.

480 2030 526 2108 Il.
548 2031 612 2107 An
641 2035 678 2106 ei
703 2054 804 2107 onus
830 2036 884 2106 sir
915 2029 1156 2131 procidendi
1198 2030 1344 2108 Missus
1385 2039 1577 2108 tamarim
1606 2033 1704 2108 ccle-

375 2151 560 2237 draadas,
588 2154 838 2251 functionum
879 2160 960 2225 tam
1001 2163 1198 2228 certamem
1234 2177 1352 2252 quam
1393 2152 1704 2228 adventitiorum

375 2270 528 2346 causa?

478 2388 540 2466 Ill.
564 2387 646 2472 Aa,
667 2388 733 2462 boc
759 2409 875 2462 onere
901 2390 1056 2470 reiecto,
1077 2393 1139 2462 ius
1180 2391 1233 2460 sit
1261 2385 1314 2461 ad
1353 2387 1532 2464 redditus
1567 2410 1704 2490 perce-

373 2526 569 2630 potionem?

787 2631 1036 2700 ”recepturo
1057 2633 1282 2698 synopsis·-

481 2763 808 2840 Puarrcrraurruu
837 2781 1065 2836 anonumum
1107 2779 1230 2842 ouoan
1257 2779 1403 2832 ramum
1428 2781 1582 2836 nunruu.
1616 2759 1705 2846 Non

375 2881 649 2961 universalibus
677 2881 770 2957 luris
798 2877 1045 2956 Ecclesiastici
1073 2876 1226 2978 regulis,
1249 2881 1311 2956 sed
1333 2877 1580 2980 peculiaribus
1608 2880 1705 2985 legi-

374 3006 442 3081 bus
469 3001 618 3080 Olerum
649 2999 879 3102 Neapolitani
910 3000 1035 3101 Regni
1063 2999 1313 3099 obligantibus
1332 3001 1549 3102 pugnabant
1567 3007 1705 3080 contra

377 3121 582 3199 Antonium
604 3119 892 3220 participantes:
918 3119 1026 3221 eique
1044 3119 1279 3220 opponebant
1297 3118 1323 3194 l.
1346 3118 1571 3195 decisionem
1606 3121 1705 3224 Epi·

375 3265 567 3345 scoporum
596 3239 718 3339 Regni
747 3237 983 3339 Neapolitani
1013 3261 1081 3339 ope
1110 3236 1367 3313 Ministerialis
1408 3238 1556 3314 Decreti
1586 3237 1704 3322 latam

375 3363 442 3437 sub
462 3361 520 3435 die
535 3358 586 3436 28
602 3359 731 3434 Martii
756 3354 1151 3434 1840.ll.Sententiam
1168 3353 1267 3433 Cleri
1283 3354 1445 3432 habitam
1462 3379 1562 3435 anno
1578 3355 1699 3451 1790,

287 3515 290 3520 ·
375 3481 437 3559 llI.
461 3478 776 3556 consuetudinem.
814 3475 975 3551 Aiebant
1002 3475 1042 3551 in
1070 3473 1254 3552 decisione
1297 3473 1563 3578 Episcoporum
1606 3475 1704 3554 haec

374 3601 446 3703 legi
471 3628 489 3672 a
512 3601 604 3678 Cum
634 3595 840 3699 Episcopus
869 3597 1117 3673 Dioecesanus
1146 3595 1290 3671 cuidam
1309 3619 1356 3670 ex
1382 3596 1704 3696 participantibus

379 3719 635 3822 »permittere
665 3715 744 3794 vult
772 3722 813 3792 ut
839 3739 860 3791 e
889 3715 1054 3792 Dioecesi
1083 3714 1244 3790 discedat
1272 3716 1311 3790 in
1340 3714 1414 3790 alia
1433 3713 1619 3792 Ecclesiae
1637 3717 1704 3792 bo-

380 3863 507 3915 ›num
536 3835 712 3926 facturus,
736 3836 772 3912 id
799 3840 925 3940 potast
952 3835 1041 3935 quia
1071 3858 1142 3910 uon
1171 3834 1297 3935 agitur
1324 3833 1369 3908 de
1398 3857 1484 3908 vero
1513 3833 1705 3916 Ecclesia-

379 3955 513 4033 ›stico
540 3953 741 4032 Beneficio:
765 3955 825 4031 sed
856 3953 1090 4054 Participans
1118 3952 1267 4028 amittet
1299 3951 1581 4028 distributiones
1609 3977 1706 4053 quo·

380 4072 594 4166 »tidianas
619 4075 715 4150 inter
741 4078 966 4176 praesentes,
991 4097 1034 4147 ac
1062 4069 1300 4162 adventitias,
1325 4069 1449 4145 blissis
1468 4069 1701 4163 satisfacere,

378 4198 456 4268 »et
473 4215 539 4292 pro
560 4191 685 4267 Missis
712 4191 889 4268 turnatim
919 4189 1147 4266 celebrandis
1175 4187 1366 4288 providere
1402 4189 1609 4264 debebit.»
1644 4188 1704 4267 Ex

376 4307 434 4382 his
463 4330 577 4408 prono
605 4305 709 4385 alveo
737 4307 850 4383 fluere
877 4306 1038 4398 aiebant,
1069 4303 1272 4379 Antonium
1293 4303 1362 4378 etsi
1385 4303 1510 4403 aliqua
1540 4303 1619 4380 vice
1649 4309 1707 4382 di·

376 4424 472 4502 vinis
499 4425 631 4502 officiis
660 4431 903 4528 praesentem,
927 4425 1027 4499 oruni
1057 4424 1205 4526 penitus
1235 4425 1314 4498 iure
1341 4421 1590 4499 emolumenta
1616 4450 1706 4526 per·

376 4539 532 4626 oioicndi
559 4540 724 4618 destitui.
