3622 5240
357 200 400 276 5l
858 223 997 274 summm
1024 223 1183 273 11111111

358 348 379 397 1
409 323 554 398 Nostra.
588 319 658 398 boc
684 322 739 396 est
767 319 812 397 ab
839 320 1030 398 Ecclesiae
1057 323 1262 400 catlmlicae
1282 321 1540 402 communione
1560 322 1685 404 ouini-

357 468 402 520 11
430 443 634 528 divelletur,
659 452 695 516 et
717 441 864 518 maioris
882 442 1278 521 excormnunicationis
1297 446 1446 523 vinculo
1466 448 1682 531 innodatus,

357 585 399 637 eo
427 561 506 663 ipso
533 559 741 662 privabitur
770 559 869 636 omni
897 566 935 635 et
963 561 1093 659 quavis
1113 561 1298 664 spirituali
1319 564 1576 642 iurisdictione
1595 592 1688 666 erga

360 678 481 754 fideles
509 678 569 755 sui
596 676 881 779 patriarchatus.

435 797 500 874 25.
534 799 769 874 Tentavere
798 796 837 873 in
865 820 949 872 eum
979 797 1214 876 miseratione
1243 809 1280 874 et
1308 801 1489 901 patientia
1519 803 1573 876 nti
1607 826 1683 877 non

356 941 557 1020 possemne,
591 916 661 990 nisi
689 915 801 991 simul
829 916 1034 992 anirnarnm
1071 917 1181 992 saluti
1218 918 1417 995 efficaciter
1451 920 1521 995 hoc
1554 921 1685 997 eodem

356 1043 522 1139 tempore
548 1033 836 1126 consuleremus,
869 1033 942 1110 iam
971 1059 1070 1111 nunc
1097 1037 1325 1113 decernendo
1352 1038 1530 1138 quidquid
1559 1063 1689 1115 neces·

356 1157 495 1231 sarium
535 1159 592 1230 est
628 1153 674 1228 ad
711 1149 859 1226 illarum
897 1150 1188 1230 incolumitatem
1226 1157 1505 1256 procurandam,
1547 1183 1687 1256 easque

357 1273 566 1374 eripiendas
594 1298 618 1349 a
645 1271 875 1372 gravissimis
913 1271 1100 1372 periculis,
1142 1275 1181 1349 in
1220 1298 1316 1374 qnae
1353 1277 1400 1352 ob
1439 1276 1688 1351 Patriarchae

359 1393 642 1470 inobedientiam
673 1392 849 1467 adductae
878 1399 966 1467 sunt
1003 1400 1040 1466 et
1078 1393 1244 1492 quotidie
1281 1394 1399 1494 magis
1435 1395 1685 1472 adducuntur.

358 1513 547 1600 Quomodo
575 1511 670 1588 enim
699 1509 795 1585 ferre
827 1534 1028 1609 possumus,
1063 1510 1187 1588 fideles
1215 1511 1436 1591 dioecesium
1473 1514 1683 1607 lezirensis,

358 1632 604 1721 Amediensis,
636 1629 840 1706 Zakuensis
869 1628 990 1706 111111
1022 1633 1346 1734 pseudopastorum
1384 1635 1540 1710 arbitrio
1579 1658 1687 1710 com-

358 1755 502 1836 missos,
535 1775 688 1852 quorum
719 1748 899 1850 sacrilega
927 1752 1155 1826 consecratio
1182 1751 1398 1853 illegittima
1420 1753 1560 1846 missio,
1584 1753 1690 1832 nulla

358 1872 579 1949 iurisdictiot
609 1869 679 1955 Qui
711 1869 781 1945 toti
810 1872 849 1944 in
885 1895 927 1944 ec
966 1875 1067 1963 sunt,
1108 1877 1148 1947 ut
1185 1872 1471 1974 simplicioribus
1511 1873 1683 1968 illudant,

357 1991 525 2065 incautos
552 1988 748 2088 decipiant,
782 1985 1003 2062 intirmiores
1033 1993 1210 2079 terreant,
1244 2015 1444 2092 omnesque
1473 2018 1495 2066 a
1522 2016 1689 2069 commu-

359 2108 479 2184 nionis
506 2105 708 2182 catholicae
737 2108 876 2196 centm,
911 2106 999 2181 licet
1025 2129 1200 2208 expresse
1238 2110 1463 2184 contrarium
1495 2109 1684 2204 dictitent,

357 2227 544 2304 dimovere
577 2225 773 2301 conentur?
812 2224 862 2300 111
900 2249 980 2300 cum
1035 2226 1073 2302 in
1100 2227 1350 2303 Patriarchali
1373 2233 1556 2330 potestate
1581 2253 1691 2330 prae-

358 2348 491 2422 sidium
521 2355 557 2420 et
589 2344 752 2418 miiitiae
781 2369 870 2420 suae
899 2345 1065 2420 velamen
1091 2370 1130 2422 se
1159 2345 1295 2422 habere
1323 2348 1543 2448 glorientur,
1573 2373 1692 2450 eoque

358 2467 403 2542 ad
434 2461 683 2563 illaqueandas
713 2463 956 2537 conscientias
987 2464 1203 2556 abutantur3
1243 2466 1369 2540 nonne
1405 2467 1580 2540 debemus
1617 2465 1694 2542 hoc

358 2606 420 2657 eos
450 2605 538 2684 prae
567 2581 640 2655 idio
669 2585 819 2655 omnino
850 2581 1007 2678 privare,
1041 2589 1080 2655 11
1106 2581 1250 2657 Fideles
1286 2583 1507 2658 dioecesium
1547 2585 1690 2683 quibus

360 2703 620 2788 incubuerunt,
652 2699 698 2774 ab
725 2722 850 2773 eorum
880 2699 1079 2799 tyrannide
1106 2700 1264 2802 eriperet
1285 2700 1519 2803 Quapropter
1537 2705 1582 2780 de
1601 2728 1694 2781 con-

360 2819 444 2895 silio
488 2821 579 2893 Ven.
619 2817 791 2892 Fratrum
830 2819 1051 2894 Nostrorum
1086 2817 1125 2897 S.
1146 2821 1197 2898 R.
1216 2820 1271 2896 Ε.
1313 2820 1564 2899 Cardinalinm
1606 2825 1693 2901 Ne-

358 2941 469 3041 gotiis
497 2936 688 3013 orientalis
717 2939 811 3012 ritus
838 2939 1144 3038 praepositorum,
1170 2940 1390 3016 auctoritate
1420 2945 1556 3018 Nostra
1585 2945 1690 3042 Apo·

359 3063 490 3137 stolica
528 3057 783 3136 Venerabilem
823 3057 994 3134 Fratrem
1029 3059 1226 3163 losephum
1262 3060 1371 3137 Audu
1416 3062 1687 3140 Patriarcham

362 3179 667 3281 Babyloniensem
699 3177 971 3256 Chaldaeorum
1000 3180 1259 3280 suspendimus
1287 3181 1333 3256 ab
1360 3183 1460 3257 omni
1490 3189 1527 3258 11
1555 3186 1694 3282 quavis

360 3301 610 3378 iurisdictione
640 3301 677 3375 in
706 3301 925 3376 memoratas
953 3299 1096 3376 dioeces
1132 3299 1373 3388 Iezirensem,
1413 3301 1687 3394 Amediensem,

359 3421 603 3509 Ζ11111111111,
637 3418 737 3492 etin
767 3418 860 3493 alias
887 3441 1140 3519 quascumque
1167 3417 1226 3494 sui
1255 3417 1364 3506 ritus,
1394 3443 1490 3519 quae
1524 3418 1693 3521 legitimo

361 3543 517 3616 Pastore
546 3539 620 3612 iarn
649 3546 787 3629 carent,
822 3537 879 3613 vel
899 3537 938 3612 in
958 3543 1145 3639 posterum
1163 3561 1290 3613 carere
1309 3538 1523 3639 contigerit.
1549 3541 1690 3617 Earum

360 3684 446 3735 vero
476 3658 640 3760 regimen
670 3663 709 3731 et
735 3657 1108 3748 administrationem,
1140 3659 1378 3758 quoadusque
1404 3659 1564 3760 legitimi
1604 3663 1693 3762 Epi-

360 3780 459 3881 scupi
494 3778 622 3854 iisdem
664 3776 737 3854 rite
777 3779 1057 3882 praeficiantur,
1103 3779 1216 3858 Nobis
1254 3781 1293 3856 et
1329 3777 1566 3880 Apostolicae
1606 3780 1695 3859 hnic

361 3901 445 3978 seu
476 3921 721 3973 reservamus.

440 4017 504 4096 26.
525 4017 691 4094 Intrusos
706 4019 906 4122 Episcopos
922 4019 1168 4112 Matthaeum‚
1190 4019 1402 4120 Cyriacum,
1422 4023 1532 4119 atquc
1547 4019 1688 4114 Ellam,

360 4162 452 4240 quos
481 4137 681 4214 temeraria
707 4149 745 4214 et
763 4140 944 4240 sacrilega
973 4137 1204 4212 consecratio
1235 4135 1441 4238 Episcopali
1471 4137 1693 4216 charactere

360 4259 528 4348 adauxit,
561 4264 598 4334 et
624 4259 688 4358 qui
717 4259 859 4336 nullam
886 4257 1195 4340 omninohabent
1211 4255 1514 4349 iurisdictionem,
1538 4283 1561 4332 a
1581 4284 1694 4358 prae·

359 4380 469 4456 dictis
497 4377 724 4455 dioecesibus
761 4381 888 4456 statim
928 4381 1096 4456 recedere
1135 4377 1304 4454 volumus
1346 4381 1458 4476 atque
1493 4377 1690 4474 edicimus,

361 4523 477 4609 eaque
503 4501 631 4582 omnia
658 4499 870 4604 adimplere,
904 4525 1000 4601 quae
1032 4522 1096 4598 per
1133 4497 1306 4598 epistolas
1345 4500 1568 4571 memoratae
1607 4499 1694 4578 No—
