3622 5240
356 253 398 320 ὓς]
922 273 1053 319 umacus
1067 275 1085 316 o

354 371 422 445 has
451 370 607 444 Nostrae
636 367 862 469 excipientes
891 393 935 444 ex
967 369 1010 442 iis
1039 371 1321 446 incitamentum
1349 369 1528 458 sumant,
1562 373 1603 443 ut
1631 364 1684 443 si-

353 487 532 590 gnificent
561 487 724 563 fidelibus
752 490 828 564 suis
859 489 1032 588 pericula.
1064 489 1358 591 oppugnationes
1386 490 1424 563 et
1453 488 1684 564 incommoda

354 609 518 708 quotidie
544 610 746 708 grauiora,
779 610 911 707 quibus
939 610 1167 710 premimur.
1199 633 1334 708 eosque
1371 607 1479 683 simul
1508 607 1684 683 certiores

354 728 518 819 faciant,
553 731 629 804 Nos
658 728 802 828 quidem
839 754 1028 828 nunquam
1063 730 1261 806 destituros
1297 729 1518 829 quicumque
1558 753 1684 806 rerum

354 853 476 926 exitus
505 847 655 924 futurus
683 847 744 938 sit,
776 848 822 924 ab
849 846 1105 949 improbandis
1132 848 1394 947 iniquitatibus
1421 872 1518 949 quae
1559 871 1684 924 coram

355 968 472 1045 Nobis
500 973 720 1069 patrantur3
752 991 879 1043 verum
918 967 998 1044 lieri
1037 993 1143 1069 posse
1184 966 1381 1067 ediquando
1423 990 1504 1042 curn
1534 975 1688 1068 prepter

354 1087 454 1190 leges
484 1111 600 1189 nuper
628 1091 799 1187 rogans,
831 1089 910 1164 tum
942 1090 1093 1190 propter
1121 1088 1212 1164 alias
1240 1113 1335 1188 quae
1372 1087 1689 1188 praenunciantur

354 1207 467 1284 etiam
497 1207 693 1298 saeviores,
728 1209 768 1282 ut
798 1231 867 1282 vox
896 1207 1034 1283 Nostra
1064 1233 1177 1308 usque
1207 1206 1253 1282 ad
1280 1229 1342 1281 eos
1371 1206 1519 1282 nonnisi
1548 1205 1683 1298 rarius,

330 1331 395 1402 ,et
423 1347 532 1426 aegre
560 1325 755 1402 admodum
785 1349 849 1426 per
878 1325 1116 1428 interpositas
1144 1321 1379 1402 difficultates
1403 1325 1519 1426 possit
1543 1323 1685 1402 afferri.

354 1445 399 1523 ln
427 1445 487 1521 his
514 1448 641 1524 tamen
670 1470 793 1522 rerum
823 1447 1009 1523 adiunctis
1037 1447 1215 1524 Pastores
1244 1447 1342 1546 ipsos
1378 1445 1611 1524 excitamus.
1647 1451 1691 1519 ut

355 1592 491 1672 greges
521 1594 605 1647 suos
634 1578 913 1671 praemoneant,
936 1595 983 1648 ne
1002 1572 1195 1649 fallacibus
1209 1572 1406 1673 capiantur
1425 1571 1566 1648 artibus
1585 1571 1691 1670 queis

356 1695 526 1770 homines
552 1692 776 1768 fraudolenti
807 1718 933 1771 veram
963 1719 1086 1772 rerum
1119 1695 1366 1774 conditionem
1395 1695 1537 1794 inqua
1577 1693 1688 1792 positi

356 1837 484 1890 sumus
511 1815 634 1889 verbis
665 1815 849 1890 invertere
878 1823 914 1890 et.
941 1811 1146 1891 deformare
1181 1816 1379 1899 nituntur,
1412 1814 1489 1890 sive
1527 1812 1691 1890 celantes

357 1932 597 2008 acerbitatem
627 1932 720 2012 eius.
755 1933 831 2007 sive
861 1933 1066 2011 libertatem
1098 1937 1272 2012 Nostram
1302 1933 1535 2025 extollentes,
1559 1939 1597 2009 et
1625 1957 1693 2034 po·

360 2056 532 2128 testatem
563 2055 726 2129 nostram
758 2053 899 2130 nemini
919 2053 1114 2131 obnoxiam
1136 2079 1215 2130 esse
1236 2051 1476 2141 affirmantes,
1499 2054 1583 2129 dum
1603 2079 1694 2129 vere

359 2195 437 2246 rem
467 2175 583 2247 totam
613 2173 668 2248 sic
695 2174 821 2273 paucis
850 2172 1041 2274 complecti
1072 2200 1285 2275 pessumus:
1318 2175 1455 2250 scilicet
1487 2173 1690 2252 Ecclesiam

358 2291 425 2366 Dei
456 2291 492 2367 in
520 2291 628 2367 ltalia
665 2291 738 2366 vim
776 2299 813 2367 et
850 2293 1144 2394 persecutionem
1187 2294 1292 2396 pati:
1323 2294 1464 2374 Christi
1501 2293 1692 2370 Vicarium

359 2437 479 2512 neque
510 2410 704 2502 libertate,
738 2435 857 2512 neque
886 2413 1055 2512 expedito
1086 2414 1264 2515 plenoque
1306 2438 1374 2491 usu
1403 2438 1490 2490 suae
1532 2420 1693 2514 potesta«

360 2533 411 2606 tis
440 2531 528 2606 frui.

440 2651 534 2728 Oum
564 2679 621 2730 res
649 2655 826 2732 hocloco
855 2657 939 2743 sint,
973 2651 1067 2728 nihil
1097 2651 1338 2754 opportunius
1373 2653 1563 2744 ducimus,
1598 2654 1696 2730 nihil

361 2774 528 2873 cupimus
557 2775 768 2875 impensius
798 2802 906 2876 quam
929 2779 971 2850 ut
990 2775 1098 2849 iidem
1129 2797 1255 2848 omnes
1275 2772 1471 2850 Sacrorum
1491 2773 1697 2848 Antistites

361 2893 424 2992 qui
456 2892 583 2967 miram
615 2897 842 2972 concordiam
864 2895 1066 2970 intuendis
1087 2893 1270 2969 Ecclesiae
1291 2893 1430 2968 iuribus
1448 2903 1486 2968 et
1500 2893 1693 2995 egregiam

362 3013 399 3087 in
430 3012 677 3110 Apostolicam
698 3015 828 3091 Sedem
851 3014 1078 3089 voluntatem
1100 3039 1203 3088 suam
1228 3011 1419 3112 multiplici
1452 3011 1587 3090 indicio
1623 3013 1698 3088 No·

362 3132 420 3208 bis
449 3139 663 3208 constanter
700 3136 929 3234 probarunt,
964 3130 1087 3208 fideles
1116 3133 1249 3231 quibus
1278 3139 1454 3232 praesunt
1496 3132 1692 3223 excitent,

363 3258 404 3326 ut
431 3277 474 3326 ea
503 3251 645 3326 ratione
674 3277 717 3326 ric
744 3276 812 3353 ope
840 3277 951 3351 quam
991 3251 1072 3329 iura
1109 3252 1235 3327 sinunt
1277 3252 1454 3352 cuiusque
1496 3252 1693 3352 regionis,

362 3370 486 3446 sedulo
516 3374 629 3472 agant
656 3377 752 3471 apud
781 3395 844 3446 eos
873 3372 934 3470 qui
965 3396 1145 3447 summam
1176 3370 1429 3473 reipublicae
1458 3377 1599 3465 tenent,
1622 3397 1697 3472 quo

363 3490 573 3566 accuratius
601 3493 727 3592 gravis
756 3491 919 3566 clmditic
950 3492 1199 3591 perpendatur
1228 3491 1267 3566 in
1296 3515 1370 3591 qua
1411 3491 1535 3593 Caput
1566 3494 1697 3568 catho-

363 3611 456 3686 licae
486 3610 671 3686 Ecclesiae
699 3611 814 3708 oepit,
846 3616 957 3710 atque
986 3607 1151 3685 efficacia
1178 3609 1425 3686 adhibeantur
1452 3611 1605 3688 consilia
1634 3615 1698 3688 oh·

363 3730 514 3805 staculis
544 3729 781 3813 arnoliendis,
814 3753 909 3830 quae
937 3753 1063 3804 veram
1094 3754 1137 3805 ac
1177 3727 1323 3832 plenam
1358 3731 1700 3831 irdqoendentz'am

365 3850 445 3926 eius
474 3849 692 3950 impediunt.
716 3849 900 3937 Quoniam
921 3855 1046 3926 autem
1068 3850 1133 3926 Dei
1155 3850 1420 3949 omnipotentis
1439 3857 1496 3926 est
1516 3851 1700 3927 mentibus

369 3969 492 4047 lumen
521 3969 722 4046 immittere
749 3977 785 4044 et
815 3968 846 4043 n
864 3974 963 4044 ctera
993 3967 1182 4044 hominum
1212 3968 1338 4056 corda,
1373 3993 1444 4044 non
1474 3969 1592 4046 solum
1622 3972 1701 4047 Vos

367 4110 542 4191 rogamus
571 4090 811 4166 venerabiles
840 4089 988 4164 Fratres
1018 4095 1056 4164 ut
1088 4088 1235 4164 fervidis
1263 4092 1358 4189 apud
1389 4089 1483 4165 Eum
1521 4091 1698 4190 precibus

366 4209 435 4285 hoe
452 4209 610 4287 rrraxime
630 4215 796 4311 tempore
816 4210 985 4300 utamini,
1002 4212 1065 4287 sed
1084 4215 1121 4285 et
1140 4209 1237 4311 ipsos
1253 4209 1515 4286 catholicorum
1534 4212 1702 4288 omnium

369 4331 586 4431 populorum
617 4331 794 4408 Pastores
822 4329 1059 4406 vehementer
1087 4329 1294 4423 hortamur,
1319 4335 1361 4406 ut
1382 4329 1503 4407 tideles
1523 4330 1593 4406 sibi
1613 4355 1703 4408 con-

365 4449 522 4526 creditos
551 4452 587 4524 in
618 4474 724 4525 saera
752 4449 888 4550 templa
915 4451 1112 4525 convenire
1141 4454 1291 4542 curent,
1327 4450 1387 4525 ubi
1419 4475 1483 4550 pro
1513 4447 1702 4527 Ecclesiae

367 4573 499 4646 matris
528 4569 660 4662 salute,
693 4596 759 4671 pro
789 4570 1022 4646 inimicorum
1052 4577 1265 4648 nostrorum
1285 4574 1540 4660 conversione,
1563 4581 1601 4646 et
1629 4576 1701 4646 line
