3670 5222
1390 231 1452 305 {55

243 479 814 574 OONOORomn,1NbULTt
843 479 908 556 nt
936 472 1339 556 OONDONATIONIS

210 1025 272 1089 Die
292 1029 317 1087 8
339 1024 425 1086 Inlii
449 1023 545 1088 1870.

783 1329 866 1408 Per
893 1335 1114 1408 seminaria
1135 1354 1301 1434 precum

241 1667 598 1759 rumpentium
629 1667 763 1740 farti.
787 1662 998 1764 Capitulum
1031 1660 1069 1738 S.
1092 1666 1292 1764 patronatu
1322 1663 1460 1764 gaudet

139 1815 245 1890 suprr
276 1782 476 1862 Ecclesiam
506 1780 664 1856 ruralem
695 1784 764 1859 sub
792 1783 904 1860 titulo
933 1782 971 1858 S.
995 1782 1153 1873 Mariae,
1176 1807 1269 1885 quae
1297 1784 1343 1860 ab
1373 1784 1464 1861 urbe

139 1908 174 1984 S.
198 1929 330 2010 parum
359 1902 486 1978 distat.
512 1899 640 2000 Usque
677 1901 723 1976 ab
769 1925 867 1978 anno
911 1897 1011 1975 1844
1048 1899 1260 1979 Canonious
1289 1900 1333 1978 Β.
1358 1901 1465 1978 iussu

140 2024 308 2129 Episcopi
338 2020 502 2097 excolere
532 2018 654 2120 coepit
681 2019 868 2123 sacrisque
905 2021 1069 2097 imbuere
1106 2020 1281 2098 doctrinis
1322 2020 1463 2122 plebem

141 2149 372 2223 innumeram
401 2162 494 2241 quae
521 2137 724 2236 Ecclesiam
754 2141 917 2217 eamdem
938 2139 1169 2217 circumstat.
1193 2143 1461 2218 Verumtamen

141 2290 251 2366 quum
281 2261 406 2364 populi
435 2284 524 2334 cura
553 2264 766 2358 exposceret
793 2257 1029 2334 residentiam
1076 2259 1285 2338 Sacerdotis
1332 2285 1462 2361 peren·

141 2407 237 2470 neni,
271 2381 479 2459 Canonious
510 2377 553 2452 Β.
586 2376 857 2478 exeruptionem
887 2402 910 2454 a
937 2379 1048 2453 choro
1077 2379 1198 2478 petiit;
1228 2379 1468 2481 eamdemque

142 2503 305 2590 obtinuit
331 2502 399 2574 sub
426 2499 485 2576 die
518 2495 566 2573 10
594 2496 821 2599 Septembris
853 2497 954 2574 1866
984 2501 1036 2576 ad
1055 2505 1275 2576 triennium
1302 2503 1466 2579 arbitrio

142 2631 175 2696 et
201 2625 436 2696 conscientia
468 2615 664 2720 Episerpti.

250 2742 380 2817 Mense
407 2748 533 2812 tamen
561 2735 720 2812 octobris
746 2737 907 2813 eiusdem
936 2738 1025 2814 anni
1063 2737 1102 2814 in
1143 2762 1295 2840 gravem
1331 2737 1463 2816 incidit

144 2869 310 2942 morbum
339 2861 547 2940 Canonicus
576 2859 621 2937 B.
645 2887 668 2937 a
695 2885 768 2961 quo
800 2862 923 2938 asorbo
952 2861 1116 2963 (hernia)
1146 2863 1321 2964 imparem
1343 2864 1390 2942 ad
1407 2862 1464 2941 la·

147 2988 249 3062 bores
278 2983 434 3085 amplius
464 2980 673 3057 tolerandos
700 2979 762 3058 ille
790 2979 1033 3074 efficiebatur,
1066 2980 1239 3083 nullaque
1268 3007 1351 3083 spes
1379 2984 1464 3059 ade·

145 3112 204 3182 rat
232 3103 391 3204 aruplius
420 3111 460 3177 ut
487 3101 534 3176 ab
561 3103 684 3177 eodem
715 3108 925 3176 sanaretur.
957 3099 1055 3176 Hine
1092 3101 1318 3187 medicorum
1348 3102 1471 3180 consi·

145 3223 192 3300 lio
220 3251 242 3298 a
271 3223 383 3299 choro
410 3221 597 3298 abstinere
624 3223 776 3296 omnino
805 3221 946 3311 debuit;
988 3229 1025 3294 et
1053 3225 1261 3298 eorumdem
1290 3225 1471 3324 gravibus

147 3343 299 3420 innixus
327 3340 549 3418 testimoniis
575 3341 635 3417 die
662 3340 687 3416 2
714 3341 800 3418 Iulii
828 3341 916 3416 anni
949 3339 1052 3418 1870
1079 3340 1235 3418 alterum
1265 3365 1472 3444 consequu-

146 3467 207 3539 tus
235 3467 293 3538 est
321 3462 539 3562 rescriptum
566 3491 583 3530 ‹
608 3460 690 3536 Pro
717 3467 852 3564 qratia
882 3461 1187 3564 dispensationis
1216 3489 1240 3538 a
1267 3463 1376 3540 odori
1392 3490 1475 3540 ser·

147 3588 238 3657 vitio
268 3591 303 3656 et
330 3608 354 3655 a
382 3581 593 3657 residentia
617 3605 693 3680 pro
722 3580 857 3655 diebus
882 3584 997 3682 festis
1025 3590 1198 3670 tanturn·
1237 3589 1393 3658 arnissis
1422 3594 1473 3658 ta·

149 3727 237 3778 narn
265 3701 620 3783 distributionibus,
641 3724 738 3799 qnae
768 3707 871 3773 inter
899 3709 1125 3804 praesentes
1162 3701 1253 3802 fieri
1286 3701 1474 3780 dicuntur

150 3824 199 3897 ad
227 3824 484 3897 biennium.»

256 3945 525 4018 Verumtamen
554 3939 703 4017 biennio
731 3937 890 4038 explete,
932 3937 1006 4015 etsi
1052 3937 1263 4041 Capitulum
1294 3949 1476 4019 annueret

150 4060 325 4163 praedicti
354 4059 533 4138 Canonioi
565 4060 691 4138 favore
711 4057 901 4134 absentiae
920 4084 943 4133 a
962 4059 1088 4151 chore,
1112 4065 1158 4138 ob
1186 4061 1384 4138 immensas
1413 4087 1476 4137 ou-

151 4211 208 4260 ras
236 4207 330 4284 quas
358 4179 418 4256 ille
446 4181 680 4282 impendebat
708 4181 746 4257 in
774 4179 945 4280 populum
977 4180 1017 4258 S.
1054 4181 1213 4274 blariae3
1251 4182 1476 4259 reclamabat

151 4305 333 4380 tamenab
347 4303 473 4377 eodem
494 4300 671 4376 canonico
692 4298 941 4377 fallentiarum
959 4298 1178 4376 solutionem
1194 4303 1241 4377 ab
1257 4325 1355 4377 anno
1376 4301 1469 4376 1861

151 4449 196 4498 ex
212 4450 283 4525 quo
296 4420 411 4498 choro
425 4420 604 4496 interesse
615 4420 774 4513 destitit,
785 4419 1061 4496 ascendentium
1074 4420 1118 4494 ad
1129 4421 1271 4496 libellas
1283 4419 1473 4497 assota.

152 4544 365 4621 Canonicus
394 4564 481 4615 vero
509 4540 554 4617 B.
576 4543 766 4642 repetebat
794 4540 982 4644 impensas
1009 4539 1053 4615 de
1096 4541 1244 4642 proprio
1285 4539 1403 4617 factas
1431 4550 1473 4616 ad
