3622 5232
558 295 721 342 cruommu
746 295 965 342 msrtrurrmns
1361 271 1424 340 ll7

113 397 254 494 qrratuor
282 392 449 494 integras
477 418 584 469 voces
612 419 678 468 suo
707 392 909 469 vindicavit
938 389 1088 484 Orienti,
1123 392 1162 468 et
1189 417 1311 466 unam
1339 393 1421 468 tan-

115 516 284 590 tummodo
313 514 465 614 reliquit
493 512 718 614 Presbytero
747 515 863 588 Petro
892 512 938 587 P.

181 633 310 711 Orator
329 635 373 708 ad
394 634 607 710 secundnm
626 632 813 707 oblectem
832 631 1053 708 detensionis
1070 632 1305 733 progrediens
1325 633 1426 707 totus

117 754 305 832 incoluit
332 761 374 831 ut
402 753 589 830 evinceret
618 753 950 852 praesentationem
987 751 1090 828 Petri
1119 753 1163 828 P.
1202 756 1422 828 attentatam

118 874 215 950 fuisse
243 873 301 978 (l)
340 878 378 948 et
415 873 577 950 irritam.
620 871 724 958 Quod
761 885 803 947 ut
839 875 1127 970 consequeretur
1165 873 1426 948 animadvertit

117 994 350 1096 praeprimis3
381 993 476 1092 quod
505 995 544 1067 in
573 990 730 1070 materia
757 989 969 1083 electionis,
1001 989 1032 1065 si
1063 991 1196 1068 iudicio
1229 989 1328 1068 inter
1356 991 1426 1069 ele·

118 1119 180 1189 etos
207 1115 403 1215 pendente,
434 1111 528 1188 alter
559 1111 617 1188 vel
646 1113 793 1189 recedat
821 1110 878 1187 rel
914 1112 992 1188 vita
1031 1113 1203 1202 decedat,
1235 1113 1425 1213 quaelibet

117 1257 198 1308 nove
223 1233 367 1322 electio,
401 1257 516 1332 usque
545 1232 627 1308 dum
659 1232 705 1306 lis
733 1233 777 1307 ad
815 1229 951 1319 linem,
985 1231 1100 1308 luerit
1127 1233 1331 1333 perducta,
1365 1259 1423 1336 pe·

117 1357 201 1428 nitus
229 1353 428 1446 inhibetur,
462 1354 573 1452 atque
601 1355 789 1428 attentata
819 1360 853 1428 et
884 1353 1024 1428 viribus
1052 1352 1231 1429 destituta
1258 1353 1425 1430 declara·

116 1490 193 1565 turp
223 1477 274 1550 ita
304 1499 342 1550 in
370 1499 452 1574 cup.
487 1472 527 1548 1.
560 1482 602 1544 ut
633 1472 691 1546 lit.
719 1473 836 1573 penit.
869 1474 907 1548 6.
942 1472 1033 1548 ‹ibr
1054 1517 1079 1528 -
1116 1474 1424 1575 sl....cliqnidns

115 1596 206 1694 apud
233 1595 365 1670 Seelem
394 1591 656 1696 Apostolicnm
684 1592 743 1666 vel
772 1593 869 1670 elidi
898 1591 1146 1694 litipantibns
1192 1617 1312 1695 super
1352 1595 1425 1670 ele-

115 1715 286 1790 eterrn'bes
315 1711 673 1794 descenderetis,
705 1713 874 1812 aliquem
906 1719 1081 1812 ipserum
1115 1719 1280 1787 mori...
1305 1720 1424 1790 conti·

111 1843 214 1934 perit,
244 1835 293 1910 ud
321 1835 542 1908 electionem
569 1833 692 1908 eliam
720 1831 803 1933 (lite
823 1855 941 1933 serpen
977 1832 1154 1907 electione
1199 1841 1425 1933 superstitis

111 1956 204 2029 electi
225 1953 428 2056 pendente)
448 1953 673 2028 nullatenus
687 1952 903 2056 procedent
918 1977 934 2041 ,·
963 1951 1065 2027 alios
1086 1960 1268 2027 attentato
1290 1964 1424 2028 contre

109 2077 180 2158 boe,
211 2085 290 2178 ipso
319 2081 407 2150 iere
434 2073 586 2148 viribus
613 2097 688 2146 non
710 2071 908 2147 subsistet.
938 2069 1084 2158 »Quod
1122 2071 1166 2148 de
1184 2070 1425 2148 electionibus

111 2195 160 2268 his
191 2195 408 2297 disponitur,
429 2196 465 2268 in
493 2191 730 2293 subsequenti
758 2217 841 2292 rap.
877 2190 1210 2292 epaenetum
1238 2193 1347 2268 etiam
1378 2195 1423 2271 de

102 2316 471 2417 praesentationibus
489 2323 727 2413 patronorum
745 2339 763 2384 e
782 2313 831 2386 ibi
848 2358 871 2366 ψ
891 2321 928 2388 st
956 2323 1088 2389 rantes
1105 2337 1201 2415 qnos
1227 2337 1345 2415 snper
1364 2315 1424 2389 oli·

106 2438 327 2536 pnitetibns,
355 2434 631 2537 personatibus
660 2434 925 2509 ecclesiasticis
949 2431 1150 2534 beneficiis,
1179 2457 1277 2535 pene
1297 2439 1423 2534 possi·

106 2557 198 2640 dent,
211 2557 410 2658 litipctnr,
428 2557 493 2626 lire
501 2553 707 2654 pendente,
720 2553 870 2634 cedent,
881 2553 937 2625 cel
956 2563 1057 2628 sorte
1071 2553 1425 2656 decedentmepro-

100 2685 181 2775 pter
199 2701 310 2750 reticos
349 2675 612 2758 (reteneamus,
630 2678 700 2774 qni
732 2673 926 2749 malitiose
959 2673 1155 2746 interdurn
1186 2673 1424 2774 petitoribus

105 2797 378 2898 subrepentem,
407 2795 540 2896 litipio
563 2799 606 2867 in
625 2791 890 2868 Ebelesiornrn
924 2792 1174 2892 dispendium
1198 2799 1424 2894 prorepere·

105 2922 307 3017 contioque,
339 2920 565 2997 steterimus,
600 2920 643 2986 nt
674 2913 916 3014 dipnitotes,
938 2922 1200 3012 personatus,
1229 2913 1288 2987 vel
1317 2913 1424 2987 bene-

102 3037 182 3131 ficia
217 3033 461 3117 huiusmodi,
496 3032 614 3108 eloneo
647 3041 781 3106 contro
810 3038 1033 3132 superstites
1049 3031 1100 3134 lis
1131 3033 1246 3131 sinite
1279 3037 1421 3133 feeerit,

106 3153 188 3228 eliis
217 3156 442 3231 nullatenus
471 3156 747 3253 conferentur,
776 3175 844 3224 nee
872 3150 917 3224 ele
944 3175 988 3224 eo
1008 3153 1179 3252 elipctnr
1207 3158 1421 3254 quispiam,

107 3275 156 3345 eet
183 3280 295 3350 etiem
329 3280 616 3376 praesentetur.
667 3269 776 3356 Quod
802 3276 839 3346 si
867 3294 976 3347 secus
1018 3283 1147 3347 cetum
1175 3275 1333 3372 fuerit,
1383 3299 1424 3349 eo

109 3399 180 3492 ipso
208 3399 365 3467 irritum
394 3391 594 3467 habeatnr.
632 3420 650 3461 s

180 3515 469 3605 praetereant
495 3515 675 3603 defensor,
697 3513 789 3589 nihil
805 3513 952 3588 officere
980 3517 1077 3616 quod
1107 3515 1144 3590 in
1173 3515 1243 3592 hoc
1262 3543 1345 3620 cop.
1372 3518 1418 3596 2.

109 3645 323 3734 supponatur
350 3635 426 3712 iam
456 3634 563 3712 alicui
592 3659 639 3709 ex
682 3636 989 3709 contendentibus
1025 3633 1160 3712 collata
1204 3647 1421 3738 possessio;

110 3757 184 3851 quia
210 3761 316 3857 prout
343 3753 592 3831 Ocrarruvias
620 3758 723 3830 docet
751 3759 868 3854 praet.
901 3777 966 3856 qn.
991 3782 1019 3830 e.
1043 3753 1116 3832 36.
1139 3781 1179 3830 n.
1205 3759 1245 3831 7.
1272 3771 1424 3835 nonest

110 3877 286 3972 possessiox
308 3875 371 3951 sed
390 3876 469 3952 sola
489 3875 702 3979 penetentia
731 3877 830 3960 litis,
851 3899 946 3975 quae
976 3877 1278 3976 impedimentum
1316 3901 1424 3978 prae·-

153 4135 186 4202 (1)
204 4141 234 4190 ln
255 4141 314 4190 inre
333 4139 441 4190 dicitur
461 4145 599 4189 attentare
618 4137 729 4204 qnando
784 4138 878 4188 alieno
898 4135 1108 4188 aedificavisset
1126 4139 1211 4189 ettam
1228 4139 1360 4203 templum
1375 4140 1422 4190 Di-

110 4227 162 4286 quin
174 4227 280 4292 aliquid
301 4228 432 4290 innovat,
454 4227 507 4278 bn·
522 4227 662 4292 pendente
683 4226 729 4277 vel
784 4225 916 4288 vinitntl¹
934 4224 962 4276 id
980 4226 1166 4289 reputabatur
1179 4233 1357 4290 attentatum
1372 4243 1422 4292 pro

109 4313 218 4365 caulem
236 4315 519 4380 rrersppellstlouem
536 4317 730 4380 positntuerit
785 4328 839 4379 quc
859 4313 972 4364 dextrui
1000 4314 1135 4380 templum
1162 4314 1322 4366 iubebatur.
1351 4317 1420 4368 Dum

108 4398 230 4452 inhibitio
248 4405 428 4454 executionis
442 4405 611 4454 sententiae.
635 4405 728 4456 Etiam
784 4419 817 4454 ux
832 4403 963 4467 adverso,
985 4405 1008 4453 si
1030 4405 1104 4469 quis¹
1129 4419 1182 4454 non
1200 4405 1339 4469 pendente
1357 4405 1418 4471 lite,

108 4487 169 4548 npud
185 4491 321 4542 Romanos
336 4498 475 4542 attentata
488 4491 665 4543 habebantur
679 4507 726 4544 ceu
782 4493 867 4543 etiem
886 4494 978 4544 sciens
999 4499 1027 4542 ct
1046 4493 1187 4543 malitiose
1208 4493 1236 4543 in
1254 4495 1314 4544 solo
1327 4493 1421 4545 alieno

109 4579 196 4632 gravis
215 4579 323 4629 iniuria
336 4579 481 4630 lodicibus
501 4589 528 4630 et
543 4581 611 4642 Legi
633 4581 726 4632 illata.
782 4579 890 4632 domum
910 4580 1129 4644 aedificavisset,
1151 4581 1305 4632 aedilicium
1328 4599 1418 4633 inarse-

105 4657 144 4712 ltt
161 4673 189 4716 ut
210 4668 233 4716 si
252 4667 334 4732 qula,
357 4665 590 4732 pesdemonte,
617 4667 647 4717 in
667 4668 727 4718 solo
783 4669 840 4736 bct,
862 4685 897 4720 m
914 4669 1008 4721 minio
1032 4671 1102 4720 Urbe
1122 4670 1337 4736 deformaretur.
