<?xml version="1.0" encoding="UTF-8"?>
<!DOCTYPE html PUBLIC "-//W3C//DTD XHTML 1.0 Transitional//EN"
    "http://www.w3.org/TR/xhtml1/DTD/xhtml1-transitional.dtd">
<html xmlns="http://www.w3.org/1999/xhtml" xml:lang="en" lang="en">
 <head>
  <title>
</title>
<meta http-equiv="Content-Type" content="text/html;charset=utf-8" />
  <meta name='ocr-system' content='tesseract 3.04.00' />
  <meta name='ocr-capabilities' content='ocr_page ocr_carea ocr_par ocr_line ocrx_word'/>
</head>
<body>
  <div class='ocr_page' id='page_1' title='image "actasanctaesedi05popegoog_0050.png"; bbox 0 0 3674 5210; ppageno 0'>
   <div class='ocr_carea' id='block_1_1' title="bbox 721 249 1499 316">
    <p class='ocr_par' dir='ltr' id='par_1_1' title="bbox 721 249 1499 316">
     <span class='ocr_line' id='line_1_1' title="bbox 721 249 1499 316; baseline 0.004 -3"><span class='ocrx_word' id='word_1_1' title='bbox 721 263 868 315; x_wconf 79' lang='lat' dir='ltr'>terimurx</span> <span class='ocrx_word' id='word_1_2' title='bbox 894 267 914 313; x_wconf 90' lang='lat' dir='ltr'>t.</span> <span class='ocrx_word' id='word_1_3' title='bbox 1455 249 1499 316; x_wconf 65' lang='lat'>45</span> 
     </span>
    </p>
   </div>
   <div class='ocr_carea' id='block_1_2' title="bbox 162 364 812 2662">
    <p class='ocr_par' dir='ltr' id='par_1_2' title="bbox 162 364 811 2133">
     <span class='ocr_line' id='line_1_2' title="bbox 165 364 808 452; baseline -0.002 -24"><span class='ocrx_word' id='word_1_4' title='bbox 165 365 332 452; x_wconf 82' lang='lat' dir='ltr'><strong>praedium</strong></span> <span class='ocrx_word' id='word_1_5' title='bbox 346 364 398 430; x_wconf 83' lang='lat' dir='ltr'>rel</span> <span class='ocrx_word' id='word_1_6' title='bbox 424 364 548 430; x_wconf 89' lang='lat' dir='ltr'>domus.</span> <span class='ocrx_word' id='word_1_7' title='bbox 575 365 616 430; x_wconf 84' lang='lat' dir='ltr'>Ut</span> <span class='ocrx_word' id='word_1_8' title='bbox 634 365 716 429; x_wconf 83' lang='lat' dir='ltr'>iusto</span> <span class='ocrx_word' id='word_1_9' title='bbox 729 381 808 428; x_wconf 85' lang='lat' dir='ltr'>ren·</span> 
     </span>
     <span class='ocr_line' id='line_1_3' title="bbox 165 470 806 556; baseline -0.005 -19"><span class='ocrx_word' id='word_1_10' title='bbox 165 472 259 538; x_wconf 92' lang='lat' dir='ltr'>datur</span> <span class='ocrx_word' id='word_1_11' title='bbox 272 483 304 538; x_wconf 92' lang='lat' dir='ltr'>et</span> <span class='ocrx_word' id='word_1_12' title='bbox 317 482 442 538; x_wconf 87' lang='lat' dir='ltr'>ematur</span> <span class='ocrx_word' id='word_1_13' title='bbox 452 470 571 556; x_wconf 74' lang='lat' dir='ltr'>pretim</span> <span class='ocrx_word' id='word_1_14' title='bbox 585 470 624 536; x_wconf 90' lang='lat' dir='ltr'>ad</span> <span class='ocrx_word' id='word_1_15' title='bbox 635 470 806 556; x_wconf 79' lang='lat' dir='ltr'>quamlibet</span> 
     </span>
     <span class='ocr_line' id='line_1_4' title="bbox 164 575 806 664; baseline -0.006 -20"><span class='ocrx_word' id='word_1_16' title='bbox 164 579 251 645; x_wconf 89' lang='lat' dir='ltr'>enim</span> <span class='ocrx_word' id='word_1_17' title='bbox 288 581 485 664; x_wconf 74' lang='lat' dir='ltr'>emptionem</span> <span class='ocrx_word' id='word_1_18' title='bbox 521 588 553 642; x_wconf 92' lang='lat' dir='ltr'>et</span> <span class='ocrx_word' id='word_1_19' title='bbox 586 575 806 641; x_wconf 84' lang='lat' dir='ltr'>venditionem</span> 
     </span>
     <span class='ocr_line' id='line_1_5' title="bbox 164 685 809 772; baseline 0 -24"><span class='ocrx_word' id='word_1_20' title='bbox 164 687 281 751; x_wconf 87' lang='lat' dir='ltr'>iustum</span> <span class='ocrx_word' id='word_1_21' title='bbox 306 685 446 772; x_wconf 91' lang='lat' dir='ltr'>pretium</span> <span class='ocrx_word' id='word_1_22' title='bbox 478 703 515 750; x_wconf 81' lang='lat' dir='ltr'>es</span> <span class='ocrx_word' id='word_1_23' title='bbox 548 695 657 749; x_wconf 90' lang='lat' dir='ltr'>natura</span> <span class='ocrx_word' id='word_1_24' title='bbox 682 685 726 749; x_wconf 89' lang='lat' dir='ltr'>rei</span> <span class='ocrx_word' id='word_1_25' title='bbox 753 702 809 748; x_wconf 81' lang='lat' dir='ltr'>es·</span> 
     </span>
     <span class='ocr_line' id='line_1_6' title="bbox 162 791 807 878; baseline -0.005 -21"><span class='ocrx_word' id='word_1_26' title='bbox 162 793 331 878; x_wconf 60' lang='lat' dir='ltr'>poscitum</span> <span class='ocrx_word' id='word_1_27' title='bbox 356 791 496 876; x_wconf 92' lang='lat' dir='ltr'>pretium</span> <span class='ocrx_word' id='word_1_28' title='bbox 519 809 597 856; x_wconf 84' lang='lat' dir='ltr'>vero</span> <span class='ocrx_word' id='word_1_29' title='bbox 622 791 738 855; x_wconf 84' lang='lat' dir='ltr'>iustum</span> <span class='ocrx_word' id='word_1_30' title='bbox 763 799 807 854; x_wconf 89' lang='lat' dir='ltr'>ta-</span> 
     </span>
     <span class='ocr_line' id='line_1_7' title="bbox 164 893 803 983; baseline -0.006 -21"><span class='ocrx_word' id='word_1_31' title='bbox 164 908 256 962; x_wconf 82' lang='lat' dir='ltr'>xatur</span> <span class='ocrx_word' id='word_1_32' title='bbox 268 899 321 962; x_wconf 84' lang='lat' dir='ltr'>vel</span> <span class='ocrx_word' id='word_1_33' title='bbox 338 917 354 961; x_wconf 89' lang='lat' dir='ltr'>a</span> <span class='ocrx_word' id='word_1_34' title='bbox 371 898 441 983; x_wconf 88' lang='lat' dir='ltr'>lege</span> <span class='ocrx_word' id='word_1_35' title='bbox 459 898 508 960; x_wconf 90' lang='lat' dir='ltr'>vel</span> <span class='ocrx_word' id='word_1_36' title='bbox 527 917 541 959; x_wconf 92' lang='lat' dir='ltr'>a</span> <span class='ocrx_word' id='word_1_37' title='bbox 559 893 803 962; x_wconf 89' lang='lat' dir='ltr'>consuetudine.</span> 
     </span>
     <span class='ocr_line' id='line_1_8' title="bbox 165 999 804 1089; baseline -0.008 -21"><span class='ocrx_word' id='word_1_38' title='bbox 165 1007 213 1069; x_wconf 90' lang='lat' dir='ltr'>lus</span> <span class='ocrx_word' id='word_1_39' title='bbox 238 1002 360 1089; x_wconf 84' lang='lat' dir='ltr'>pariter</span> <span class='ocrx_word' id='word_1_40' title='bbox 389 1016 518 1068; x_wconf 88' lang='lat' dir='ltr'>naturae</span> <span class='ocrx_word' id='word_1_41' title='bbox 544 1003 646 1068; x_wconf 90' lang='lat' dir='ltr'>innuit</span> <span class='ocrx_word' id='word_1_42' title='bbox 670 999 756 1086; x_wconf 88' lang='lat' dir='ltr'>quod</span> <span class='ocrx_word' id='word_1_43' title='bbox 780 999 804 1064; x_wconf 88' lang='lat' dir='ltr'>si</span> 
     </span>
     <span class='ocr_line' id='line_1_9' title="bbox 164 1109 804 1195; baseline -0.006 -21"><span class='ocrx_word' id='word_1_44' title='bbox 164 1130 213 1176; x_wconf 89' lang='lat' dir='ltr'>res</span> <span class='ocrx_word' id='word_1_45' title='bbox 240 1110 274 1176; x_wconf 91' lang='lat' dir='ltr'>in</span> <span class='ocrx_word' id='word_1_46' title='bbox 300 1121 399 1175; x_wconf 91' lang='lat' dir='ltr'>totum</span> <span class='ocrx_word' id='word_1_47' title='bbox 416 1109 467 1174; x_wconf 82' lang='lat' dir='ltr'>rel</span> <span class='ocrx_word' id='word_1_48' title='bbox 487 1109 518 1173; x_wconf 91' lang='lat' dir='ltr'>in</span> <span class='ocrx_word' id='word_1_49' title='bbox 534 1121 657 1193; x_wconf 90' lang='lat' dir='ltr'>partem</span> <span class='ocrx_word' id='word_1_50' title='bbox 680 1119 804 1195; x_wconf 90' lang='lat' dir='ltr'>pereat,</span> 
     </span>
     <span class='ocr_line' id='line_1_10' title="bbox 163 1214 809 1302; baseline -0.006 -20"><span class='ocrx_word' id='word_1_51' title='bbox 163 1218 332 1302; x_wconf 88' lang='lat' dir='ltr'>aequalem</span> <span class='ocrx_word' id='word_1_52' title='bbox 349 1215 470 1280; x_wconf 76' lang='lat' dir='ltr'>exitum</span> <span class='ocrx_word' id='word_1_53' title='bbox 493 1214 607 1280; x_wconf 89' lang='lat' dir='ltr'>babeat</span> <span class='ocrx_word' id='word_1_54' title='bbox 630 1233 755 1280; x_wconf 87' lang='lat' dir='ltr'>census:</span> <span class='ocrx_word' id='word_1_55' title='bbox 774 1225 809 1279; x_wconf 91' lang='lat' dir='ltr'>ut</span> 
     </span>
     <span class='ocr_line' id='line_1_11' title="bbox 162 1319 808 1410; baseline -0.005 -23"><span class='ocrx_word' id='word_1_56' title='bbox 162 1331 278 1410; x_wconf 86' lang='lat' dir='ltr'>pereat</span> <span class='ocrx_word' id='word_1_57' title='bbox 303 1320 376 1387; x_wconf 88' lang='lat' dir='ltr'>ideo</span> <span class='ocrx_word' id='word_1_58' title='bbox 401 1321 431 1386; x_wconf 92' lang='lat' dir='ltr'>in</span> <span class='ocrx_word' id='word_1_59' title='bbox 457 1332 555 1386; x_wconf 90' lang='lat' dir='ltr'>totum</span> <span class='ocrx_word' id='word_1_60' title='bbox 585 1321 636 1384; x_wconf 85' lang='lat' dir='ltr'>rel</span> <span class='ocrx_word' id='word_1_61' title='bbox 663 1319 694 1386; x_wconf 91' lang='lat' dir='ltr'>in</span> <span class='ocrx_word' id='word_1_62' title='bbox 718 1331 808 1406; x_wconf 89' lang='lat' dir='ltr'>parte</span> 
     </span>
     <span class='ocr_line' id='line_1_12' title="bbox 164 1429 810 1511; baseline -0.003 -18"><span class='ocrx_word' id='word_1_63' title='bbox 164 1446 297 1493; x_wconf 88' lang='lat' dir='ltr'>necesse</span> <span class='ocrx_word' id='word_1_64' title='bbox 322 1438 367 1492; x_wconf 88' lang='lat' dir='ltr'>est</span> <span class='ocrx_word' id='word_1_65' title='bbox 393 1446 504 1492; x_wconf 90' lang='lat' dir='ltr'>census</span> <span class='ocrx_word' id='word_1_66' title='bbox 528 1445 669 1511; x_wconf 90' lang='lat' dir='ltr'>quoque.</span> <span class='ocrx_word' id='word_1_67' title='bbox 698 1429 810 1492; x_wconf 89' lang='lat' dir='ltr'>Neau-</span> 
     </span>
     <span class='ocr_line' id='line_1_13' title="bbox 165 1535 808 1622; baseline -0.002 -23"><span class='ocrx_word' id='word_1_68' title='bbox 165 1547 232 1600; x_wconf 88' lang='lat' dir='ltr'>tem</span> <span class='ocrx_word' id='word_1_69' title='bbox 256 1537 445 1622; x_wconf 79' lang='lat' dir='ltr'>pensionem</span> <span class='ocrx_word' id='word_1_70' title='bbox 480 1535 530 1599; x_wconf 90' lang='lat' dir='ltr'>vel</span> <span class='ocrx_word' id='word_1_71' title='bbox 555 1535 660 1599; x_wconf 90' lang='lat' dir='ltr'>minus</span> <span class='ocrx_word' id='word_1_72' title='bbox 683 1552 808 1609; x_wconf 84' lang='lat' dir='ltr'>secure,</span> 
     </span>
     <span class='ocr_line' id='line_1_14' title="bbox 164 1640 811 1726; baseline 0 -22"><span class='ocrx_word' id='word_1_73' title='bbox 164 1644 215 1708; x_wconf 85' lang='lat' dir='ltr'>vel</span> <span class='ocrx_word' id='word_1_74' title='bbox 242 1643 355 1706; x_wconf 87' lang='lat' dir='ltr'>rnaiori</span> <span class='ocrx_word' id='word_1_75' title='bbox 388 1640 571 1706; x_wconf 87' lang='lat' dir='ltr'>dillicultate</span> <span class='ocrx_word' id='word_1_76' title='bbox 603 1640 734 1726; x_wconf 79' lang='lat' dir='ltr'>exigere</span> <span class='ocrx_word' id='word_1_77' title='bbox 759 1659 811 1704; x_wconf 91' lang='lat' dir='ltr'>co-</span> 
     </span>
     <span class='ocr_line' id='line_1_15' title="bbox 165 1747 811 1835; baseline -0.003 -23"><span class='ocrx_word' id='word_1_78' title='bbox 165 1760 260 1835; x_wconf 90' lang='lat' dir='ltr'>gatur</span> <span class='ocrx_word' id='word_1_79' title='bbox 285 1747 493 1822; x_wconf 86' lang='lat' dir='ltr'>Geusualista,</span> <span class='ocrx_word' id='word_1_80' title='bbox 520 1747 661 1834; x_wconf 78' lang='lat' dir='ltr'>exigitur</span> <span class='ocrx_word' id='word_1_81' title='bbox 688 1747 726 1812; x_wconf 92' lang='lat' dir='ltr'>ab</span> <span class='ocrx_word' id='word_1_82' title='bbox 755 1765 811 1812; x_wconf 90' lang='lat' dir='ltr'>eo·</span> 
     </span>
     <span class='ocr_line' id='line_1_16' title="bbox 165 1852 809 1921; baseline -0.002 -2"><span class='ocrx_word' id='word_1_83' title='bbox 165 1853 241 1919; x_wconf 87' lang='lat' dir='ltr'>dem</span> <span class='ocrx_word' id='word_1_84' title='bbox 279 1855 348 1920; x_wconf 90' lang='lat' dir='ltr'>inre</span> <span class='ocrx_word' id='word_1_85' title='bbox 385 1865 514 1920; x_wconf 87' lang='lat' dir='ltr'>naturae</span> <span class='ocrx_word' id='word_1_86' title='bbox 545 1874 586 1921; x_wconf 91' lang='lat' dir='ltr'>ne</span> <span class='ocrx_word' id='word_1_87' title='bbox 617 1873 666 1919; x_wconf 90' lang='lat' dir='ltr'>res</span> <span class='ocrx_word' id='word_1_88' title='bbox 702 1852 809 1918; x_wconf 90' lang='lat' dir='ltr'>censui</span> 
     </span>
     <span class='ocr_line' id='line_1_17' title="bbox 163 1959 810 2026; baseline 0 -2"><span class='ocrx_word' id='word_1_89' title='bbox 163 1959 309 2024; x_wconf 89' lang='lat' dir='ltr'>subiecta</span> <span class='ocrx_word' id='word_1_90' title='bbox 351 1960 507 2025; x_wconf 81' lang='lat' dir='ltr'>alienetur</span> <span class='ocrx_word' id='word_1_91' title='bbox 545 1960 613 2026; x_wconf 87' lang='lat' dir='ltr'>sine</span> <span class='ocrx_word' id='word_1_92' title='bbox 655 1977 810 2024; x_wconf 87' lang='lat' dir='ltr'>consensu</span> 
     </span>
     <span class='ocr_line' id='line_1_18' title="bbox 165 2065 562 2133; baseline 0.005 -2"><span class='ocrx_word' id='word_1_93' title='bbox 165 2066 384 2132; x_wconf 81' lang='lat' dir='ltr'>Consualistae</span> <span class='ocrx_word' id='word_1_94' title='bbox 408 2065 562 2133; x_wconf 90' lang='lat' dir='ltr'>eiusdem.</span> 
     </span>
    </p>

    <p class='ocr_par' dir='ltr' id='par_1_3' title="bbox 162 2172 812 2662">
     <span class='ocr_line' id='line_1_19' title="bbox 210 2172 809 2238; baseline 0.002 -1"><span class='ocrx_word' id='word_1_95' title='bbox 210 2172 365 2237; x_wconf 79' lang='lat' dir='ltr'>Plurimus</span> <span class='ocrx_word' id='word_1_96' title='bbox 381 2183 487 2238; x_wconf 90' lang='lat' dir='ltr'>autem</span> <span class='ocrx_word' id='word_1_97' title='bbox 501 2173 699 2238; x_wconf 87' lang='lat' dir='ltr'>conditiones</span> <span class='ocrx_word' id='word_1_98' title='bbox 712 2193 727 2236; x_wconf 90' lang='lat' dir='ltr'>a</span> <span class='ocrx_word' id='word_1_99' title='bbox 741 2173 809 2238; x_wconf 88' lang='lat' dir='ltr'>iure</span> 
     </span>
     <span class='ocr_line' id='line_1_20' title="bbox 164 2277 809 2362; baseline 0.003 -20"><span class='ocrx_word' id='word_1_100' title='bbox 164 2277 321 2342; x_wconf 84' lang='lat' dir='ltr'>canonico</span> <span class='ocrx_word' id='word_1_101' title='bbox 339 2278 473 2362; x_wconf 84' lang='lat' dir='ltr'>requiri,</span> <span class='ocrx_word' id='word_1_102' title='bbox 488 2277 526 2343; x_wconf 91' lang='lat' dir='ltr'>ad</span> <span class='ocrx_word' id='word_1_103' title='bbox 541 2297 672 2345; x_wconf 88' lang='lat' dir='ltr'>censum</span> <span class='ocrx_word' id='word_1_104' title='bbox 690 2279 809 2344; x_wconf 90' lang='lat' dir='ltr'>licitum</span> 
     </span>
     <span class='ocr_line' id='line_1_21' title="bbox 163 2385 810 2474; baseline 0.002 -24"><span class='ocrx_word' id='word_1_105' title='bbox 163 2393 197 2450; x_wconf 87' lang='lat' dir='ltr'>et</span> <span class='ocrx_word' id='word_1_106' title='bbox 212 2385 333 2448; x_wconf 91' lang='lat' dir='ltr'>iustum</span> <span class='ocrx_word' id='word_1_107' title='bbox 350 2386 605 2450; x_wconf 90' lang='lat' dir='ltr'>constituendum</span> <span class='ocrx_word' id='word_1_108' title='bbox 619 2387 687 2452; x_wconf 91' lang='lat' dir='ltr'>erni</span> <span class='ocrx_word' id='word_1_109' title='bbox 704 2396 810 2474; x_wconf 89' lang='lat' dir='ltr'>potest</span> 
     </span>
     <span class='ocr_line' id='line_1_22' title="bbox 162 2489 812 2578; baseline 0.005 -24"><span class='ocrx_word' id='word_1_110' title='bbox 162 2510 205 2554; x_wconf 81' lang='lat' dir='ltr'>ex</span> <span class='ocrx_word' id='word_1_111' title='bbox 235 2489 300 2575; x_wconf 87' lang='lat' dir='ltr'>ipsa</span> <span class='ocrx_word' id='word_1_112' title='bbox 325 2494 359 2558; x_wconf 89' lang='lat' dir='ltr'>S.</span> <span class='ocrx_word' id='word_1_113' title='bbox 375 2493 417 2556; x_wconf 87' lang='lat' dir='ltr'>Pii</span> <span class='ocrx_word' id='word_1_114' title='bbox 432 2495 471 2569; x_wconf 83' lang='lat' dir='ltr'>V,</span> <span class='ocrx_word' id='word_1_115' title='bbox 488 2511 568 2577; x_wconf 91' lang='lat' dir='ltr'>quae</span> <span class='ocrx_word' id='word_1_116' title='bbox 584 2494 748 2578; x_wconf 88' lang='lat' dir='ltr'>sequentis</span> <span class='ocrx_word' id='word_1_117' title='bbox 764 2503 812 2558; x_wconf 87' lang='lat' dir='ltr'>est</span> 
     </span>
     <span class='ocr_line' id='line_1_23' title="bbox 163 2597 303 2662; baseline -0.014 0"><span class='ocrx_word' id='word_1_118' title='bbox 163 2597 303 2662; x_wconf 85' lang='lat' dir='ltr'>tenoris.</span> 
     </span>
    </p>
   </div>
   <div class='ocr_carea' id='block_1_3' title="bbox 247 2681 729 2930">
    <p class='ocr_par' dir='ltr' id='par_1_4' title="bbox 247 2681 729 2930">
     <span class='ocr_line' id='line_1_24' title="bbox 329 2681 655 2790; baseline 0.003 -4"><span class='ocrx_word' id='word_1_119' title='bbox 329 2723 415 2788; x_wconf 86' lang='lat' dir='ltr'>rius</span> <span class='ocrx_word' id='word_1_120' title='bbox 438 2681 655 2790; x_wconf 87' lang='lat' dir='ltr'>urrscoruu</span> 
     </span>
     <span class='ocr_line' id='line_1_25' title="bbox 247 2864 729 2930; baseline -0.006 0"><span class='ocrx_word' id='word_1_121' title='bbox 247 2864 404 2930; x_wconf 80' lang='lat' dir='ltr'>sununs</span> <span class='ocrx_word' id='word_1_122' title='bbox 428 2865 642 2929; x_wconf 85' lang='lat' dir='ltr'>suaroauu</span> <span class='ocrx_word' id='word_1_123' title='bbox 665 2864 729 2928; x_wconf 87' lang='lat' dir='ltr'>our</span> 
     </span>
    </p>
   </div>
   <div class='ocr_carea' id='block_1_4' title="bbox 220 3005 763 3089">
    <p class='ocr_par' dir='ltr' id='par_1_5' title="bbox 220 3005 763 3089">
     <span class='ocr_line' id='line_1_26' title="bbox 220 3005 763 3089; baseline 0.004 -19"><span class='ocrx_word' id='word_1_124' title='bbox 220 3005 271 3070; x_wconf 82' lang='lat' dir='ltr'>Ad</span> <span class='ocrx_word' id='word_1_125' title='bbox 289 3014 473 3089; x_wconf 75' lang='lat' dir='ltr'>perpetuom</span> <span class='ocrx_word' id='word_1_126' title='bbox 497 3007 545 3070; x_wconf 85' lang='lat' dir='ltr'>rei</span> <span class='ocrx_word' id='word_1_127' title='bbox 567 3009 763 3072; x_wconf 84' lang='lat' dir='ltr'>memorium.</span> 
     </span>
    </p>
   </div>
   <div class='ocr_carea' id='block_1_5' title="bbox 133 3125 816 4592">
    <p class='ocr_par' dir='ltr' id='par_1_6' title="bbox 133 3125 816 4592">
     <span class='ocr_line' id='line_1_27' title="bbox 214 3125 811 3211; baseline 0.002 -18"><span class='ocrx_word' id='word_1_128' title='bbox 214 3128 297 3194; x_wconf 80' lang='lat' dir='ltr'>Cum</span> <span class='ocrx_word' id='word_1_129' title='bbox 322 3143 401 3190; x_wconf 88' lang='lat' dir='ltr'>onus</span> <span class='ocrx_word' id='word_1_130' title='bbox 422 3125 618 3211; x_wconf 65' lang='lat' dir='ltr'>spostolicae</span> <span class='ocrx_word' id='word_1_131' title='bbox 643 3127 811 3195; x_wconf 81' lang='lat' dir='ltr'>Servitutis</span> 
     </span>
     <span class='ocr_line' id='line_1_28' title="bbox 168 3232 814 3318; baseline 0.002 -18"><span class='ocrx_word' id='word_1_132' title='bbox 168 3232 329 3300; x_wconf 89' lang='lat' dir='ltr'>obeuntes</span> <span class='ocrx_word' id='word_1_133' title='bbox 353 3233 595 3318; x_wconf 77' lang='lat' dir='ltr'>cognoverimus</span> <span class='ocrx_word' id='word_1_134' title='bbox 628 3235 814 3301; x_wconf 89' lang='lat' dir='ltr'>innumeros</span> 
     </span>
     <span class='ocr_line' id='line_1_29' title="bbox 171 3339 816 3417; baseline 0.003 -13"><span class='ocrx_word' id='word_1_135' title='bbox 171 3340 350 3404; x_wconf 87' lang='lat' dir='ltr'>celebratos</span> <span class='ocrx_word' id='word_1_136' title='bbox 384 3339 502 3417; x_wconf 88' lang='lat' dir='ltr'>luisse,</span> <span class='ocrx_word' id='word_1_137' title='bbox 528 3350 560 3405; x_wconf 91' lang='lat' dir='ltr'>et</span> <span class='ocrx_word' id='word_1_138' title='bbox 584 3340 707 3406; x_wconf 90' lang='lat' dir='ltr'>indies</span> <span class='ocrx_word' id='word_1_139' title='bbox 732 3343 816 3407; x_wconf 79' lang='lat' dir='ltr'>cele·</span> 
     </span>
     <span class='ocr_line' id='line_1_30' title="bbox 171 3443 814 3533; baseline 0.008 -25"><span class='ocrx_word' id='word_1_140' title='bbox 171 3443 257 3509; x_wconf 89' lang='lat' dir='ltr'>brari</span> <span class='ocrx_word' id='word_1_141' title='bbox 283 3448 443 3511; x_wconf 78' lang='lat' dir='ltr'>censuum</span> <span class='ocrx_word' id='word_1_142' title='bbox 468 3449 665 3524; x_wconf 83' lang='lat' dir='ltr'>contractus,</span> <span class='ocrx_word' id='word_1_143' title='bbox 685 3451 737 3533; x_wconf 91' lang='lat' dir='ltr'>qui</span> <span class='ocrx_word' id='word_1_144' title='bbox 757 3468 814 3515; x_wconf 89' lang='lat' dir='ltr'>ne-</span> 
     </span>
     <span class='ocr_line' id='line_1_31' title="bbox 171 3549 816 3620; baseline 0.006 -4"><span class='ocrx_word' id='word_1_145' title='bbox 171 3549 250 3616; x_wconf 90' lang='lat' dir='ltr'>dum</span> <span class='ocrx_word' id='word_1_146' title='bbox 275 3549 480 3617; x_wconf 88' lang='lat' dir='ltr'>continentur</span> <span class='ocrx_word' id='word_1_147' title='bbox 498 3554 577 3617; x_wconf 91' lang='lat' dir='ltr'>intra</span> <span class='ocrx_word' id='word_1_148' title='bbox 595 3552 739 3618; x_wconf 88' lang='lat' dir='ltr'>limitesa</span> <span class='ocrx_word' id='word_1_149' title='bbox 756 3573 816 3620; x_wconf 92' lang='lat' dir='ltr'>no-</span> 
     </span>
     <span class='ocr_line' id='line_1_32' title="bbox 170 3657 815 3726; baseline 0.005 -5"><span class='ocrx_word' id='word_1_150' title='bbox 170 3657 246 3721; x_wconf 88' lang='lat' dir='ltr'>stris</span> <span class='ocrx_word' id='word_1_151' title='bbox 262 3659 521 3724; x_wconf 75' lang='lat' dir='ltr'>Autecessoribns</span> <span class='ocrx_word' id='word_1_152' title='bbox 539 3658 658 3723; x_wconf 89' lang='lat' dir='ltr'>eisdem</span> <span class='ocrx_word' id='word_1_153' title='bbox 684 3663 815 3726; x_wconf 84' lang='lat' dir='ltr'>Contra-</span> 
     </span>
     <span class='ocr_line' id='line_1_33' title="bbox 172 3757 814 3846; baseline 0.005 -22"><span class='ocrx_word' id='word_1_154' title='bbox 172 3757 276 3825; x_wconf 88' lang='lat' dir='ltr'>ctibns</span> <span class='ocrx_word' id='word_1_155' title='bbox 298 3768 443 3837; x_wconf 86' lang='lat' dir='ltr'>statutos,</span> <span class='ocrx_word' id='word_1_156' title='bbox 468 3780 581 3826; x_wconf 84' lang='lat' dir='ltr'>rerum</span> <span class='ocrx_word' id='word_1_157' title='bbox 605 3763 712 3839; x_wconf 90' lang='lat' dir='ltr'>etiam,</span> <span class='ocrx_word' id='word_1_158' title='bbox 728 3761 814 3846; x_wconf 91' lang='lat' dir='ltr'>quod</span> 
     </span>
     <span class='ocr_line' id='line_1_34' title="bbox 173 3866 816 3957; baseline 0.003 -23"><span class='ocrx_word' id='word_1_159' title='bbox 173 3866 317 3934; x_wconf 88' lang='lat' dir='ltr'>deterius</span> <span class='ocrx_word' id='word_1_160' title='bbox 341 3881 401 3946; x_wconf 79' lang='lat' dir='ltr'>eet,</span> <span class='ocrx_word' id='word_1_161' title='bbox 419 3872 582 3936; x_wconf 84' lang='lat' dir='ltr'>contrariis</span> <span class='ocrx_word' id='word_1_162' title='bbox 607 3870 736 3936; x_wconf 89' lang='lat' dir='ltr'>omnino</span> <span class='ocrx_word' id='word_1_163' title='bbox 761 3891 816 3957; x_wconf 88' lang='lat' dir='ltr'>pa-</span> 
     </span>
     <span class='ocr_line' id='line_1_35' title="bbox 172 3975 815 4062; baseline 0.003 -24"><span class='ocrx_word' id='word_1_164' title='bbox 172 3975 351 4052; x_wconf 88' lang='lat' dir='ltr'>ctionibus,</span> <span class='ocrx_word' id='word_1_165' title='bbox 374 3987 508 4062; x_wconf 85' lang='lat' dir='ltr'>propter</span> <span class='ocrx_word' id='word_1_166' title='bbox 527 3977 692 4042; x_wconf 83' lang='lat' dir='ltr'>ardentem</span> <span class='ocrx_word' id='word_1_167' title='bbox 715 3980 815 4043; x_wconf 86' lang='lat' dir='ltr'>arari-</span> 
     </span>
     <span class='ocr_line' id='line_1_36' title="bbox 175 4083 816 4168; baseline 0.003 -22"><span class='ocrx_word' id='word_1_168' title='bbox 175 4083 238 4148; x_wconf 89' lang='lat' dir='ltr'>tiae</span> <span class='ocrx_word' id='word_1_169' title='bbox 272 4083 454 4159; x_wconf 90' lang='lat' dir='ltr'>stimulum,</span> <span class='ocrx_word' id='word_1_170' title='bbox 492 4085 613 4168; x_wconf 85' lang='lat' dir='ltr'>Legum</span> <span class='ocrx_word' id='word_1_171' title='bbox 638 4083 731 4148; x_wconf 87' lang='lat' dir='ltr'>etiam</span> <span class='ocrx_word' id='word_1_172' title='bbox 764 4084 816 4148; x_wconf 88' lang='lat' dir='ltr'>lli-</span> 
     </span>
     <span class='ocr_line' id='line_1_37' title="bbox 173 4188 811 4276; baseline 0.009 -26"><span class='ocrx_word' id='word_1_173' title='bbox 173 4188 318 4255; x_wconf 88' lang='lat' dir='ltr'>vinarnm</span> <span class='ocrx_word' id='word_1_174' title='bbox 359 4189 558 4256; x_wconf 89' lang='lat' dir='ltr'>manilestum</span> <span class='ocrx_word' id='word_1_175' title='bbox 595 4201 811 4276; x_wconf 86' lang='lat' dir='ltr'>contemptum</span> 
     </span>
     <span class='ocr_line' id='line_1_38' title="bbox 133 4295 816 4382; baseline 0.007 -25"><span class='ocrx_word' id='word_1_176' title='bbox 133 4301 140 4320; x_wconf 84' lang='lat'><em>⁰</em></span> <span class='ocrx_word' id='word_1_177' title='bbox 173 4295 404 4381; x_wconf 81' lang='lat' dir='ltr'>praeseferunt,</span> <span class='ocrx_word' id='word_1_178' title='bbox 423 4315 486 4362; x_wconf 92' lang='lat' dir='ltr'>non</span> <span class='ocrx_word' id='word_1_179' title='bbox 503 4297 679 4382; x_wconf 88' lang='lat' dir='ltr'>potuimus,</span> <span class='ocrx_word' id='word_1_180' title='bbox 698 4299 816 4362; x_wconf 91' lang='lat' dir='ltr'>anima-</span> 
     </span>
     <span class='ocr_line' id='line_1_39' title="bbox 175 4403 814 4485; baseline 0.006 -22"><span class='ocrx_word' id='word_1_181' title='bbox 175 4419 259 4476; x_wconf 91' lang='lat' dir='ltr'>rum,</span> <span class='ocrx_word' id='word_1_182' title='bbox 283 4411 382 4485; x_wconf 86' lang='lat' dir='ltr'>prout</span> <span class='ocrx_word' id='word_1_183' title='bbox 406 4411 566 4477; x_wconf 90' lang='lat' dir='ltr'>tenemur,</span> <span class='ocrx_word' id='word_1_184' title='bbox 586 4403 676 4466; x_wconf 90' lang='lat' dir='ltr'>saluti</span> <span class='ocrx_word' id='word_1_185' title='bbox 703 4423 814 4467; x_wconf 89' lang='lat' dir='ltr'>consu·</span> 
     </span>
     <span class='ocr_line' id='line_1_40' title="bbox 174 4503 812 4592; baseline 0.003 -22"><span class='ocrx_word' id='word_1_186' title='bbox 174 4503 287 4584; x_wconf 89' lang='lat' dir='ltr'>lentes,</span> <span class='ocrx_word' id='word_1_187' title='bbox 311 4525 345 4570; x_wconf 90' lang='lat' dir='ltr'>ac</span> <span class='ocrx_word' id='word_1_188' title='bbox 370 4505 493 4590; x_wconf 90' lang='lat' dir='ltr'>piarum</span> <span class='ocrx_word' id='word_1_189' title='bbox 517 4507 671 4572; x_wconf 88' lang='lat' dir='ltr'>mentium</span> <span class='ocrx_word' id='word_1_190' title='bbox 688 4508 812 4592; x_wconf 84' lang='lat' dir='ltr'>petitio</span> 
     </span>
    </p>
   </div>
   <div class='ocr_carea' id='block_1_6' title="bbox 859 363 1547 4597">
    <p class='ocr_par' dir='ltr' id='par_1_7' title="bbox 862 363 1547 642">
     <span class='ocr_line' id='line_1_41' title="bbox 862 363 1501 454; baseline 0.003 -24"><span class='ocrx_word' id='word_1_191' title='bbox 862 363 954 432; x_wconf 91' lang='lat' dir='ltr'>nibus</span> <span class='ocrx_word' id='word_1_192' title='bbox 972 367 1064 433; x_wconf 90' lang='lat' dir='ltr'>etiam</span> <span class='ocrx_word' id='word_1_193' title='bbox 1081 367 1318 444; x_wconf 82' lang='lat' dir='ltr'>satisfacientes,</span> <span class='ocrx_word' id='word_1_194' title='bbox 1335 375 1395 432; x_wconf 90' lang='lat' dir='ltr'>tam</span> <span class='ocrx_word' id='word_1_195' title='bbox 1414 368 1501 454; x_wconf 86' lang='lat' dir='ltr'>gravi</span> 
     </span>
     <span class='ocr_line' id='line_1_42' title="bbox 865 469 1547 556; baseline 0.001 -24"><span class='ocrx_word' id='word_1_196' title='bbox 865 469 987 545; x_wconf 89' lang='lat' dir='ltr'>morbo,</span> <span class='ocrx_word' id='word_1_197' title='bbox 1004 470 1217 556; x_wconf 83' lang='lat' dir='ltr'>lethiferoque</span> <span class='ocrx_word' id='word_1_198' title='bbox 1230 490 1357 536; x_wconf 84' lang='lat' dir='ltr'>veneno</span> <span class='ocrx_word' id='word_1_199' title='bbox 1375 469 1501 536; x_wconf 86' lang='lat' dir='ltr'>salutari</span> <span class='ocrx_word' id='word_1_200' title='bbox 1538 479 1547 508; x_wconf 82' lang='lat'><strong>·</strong></span> 
     </span>
     <span class='ocr_line' id='line_1_43' title="bbox 862 574 1251 642; baseline 0.005 -2"><span class='ocrx_word' id='word_1_201' title='bbox 862 574 1005 641; x_wconf 89' lang='lat' dir='ltr'>antidoto</span> <span class='ocrx_word' id='word_1_202' title='bbox 1030 594 1093 642; x_wconf 89' lang='lat' dir='ltr'>uon</span> <span class='ocrx_word' id='word_1_203' title='bbox 1118 575 1251 642; x_wconf 84' lang='lat' dir='ltr'>mederi.</span> 
     </span>
    </p>

    <p class='ocr_par' dir='ltr' id='par_1_8' title="bbox 859 681 1503 1409">
     <span class='ocr_line' id='line_1_44' title="bbox 909 681 1501 768; baseline 0.002 -20"><span class='ocrx_word' id='word_1_204' title='bbox 909 687 939 748; x_wconf 86' lang='lat' dir='ltr'>l.</span> <span class='ocrx_word' id='word_1_205' title='bbox 957 685 1019 748; x_wconf 88' lang='lat' dir='ltr'>llae</span> <span class='ocrx_word' id='word_1_206' title='bbox 1037 681 1135 768; x_wconf 86' lang='lat' dir='ltr'>igitur</span> <span class='ocrx_word' id='word_1_207' title='bbox 1150 693 1253 747; x_wconf 89' lang='lat' dir='ltr'>nostra</span> <span class='ocrx_word' id='word_1_208' title='bbox 1267 681 1501 749; x_wconf 82' lang='lat' dir='ltr'>Constitutione</span> 
     </span>
     <span class='ocr_line' id='line_1_45' title="bbox 859 789 1501 866; baseline 0.006 -14"><span class='ocrx_word' id='word_1_209' title='bbox 859 789 1047 865; x_wconf 86' lang='lat' dir='ltr'>statuimus,</span> <span class='ocrx_word' id='word_1_210' title='bbox 1082 792 1242 866; x_wconf 86' lang='lat' dir='ltr'>Censum,</span> <span class='ocrx_word' id='word_1_211' title='bbox 1268 809 1324 855; x_wconf 88' lang='lat' dir='ltr'>seu</span> <span class='ocrx_word' id='word_1_212' title='bbox 1361 808 1501 856; x_wconf 90' lang='lat' dir='ltr'>annuum</span> 
     </span>
     <span class='ocr_line' id='line_1_46' title="bbox 862 893 1502 970; baseline 0.006 -12"><span class='ocrx_word' id='word_1_213' title='bbox 862 893 1023 960; x_wconf 86' lang='lat' dir='ltr'>redditum</span> <span class='ocrx_word' id='word_1_214' title='bbox 1052 895 1175 970; x_wconf 87' lang='lat' dir='ltr'>creari,</span> <span class='ocrx_word' id='word_1_215' title='bbox 1201 895 1391 961; x_wconf 88' lang='lat' dir='ltr'>constituive</span> <span class='ocrx_word' id='word_1_216' title='bbox 1414 898 1502 962; x_wconf 92' lang='lat' dir='ltr'>nullo</span> 
     </span>
     <span class='ocr_line' id='line_1_47' title="bbox 861 1002 1500 1086; baseline 0 -19"><span class='ocrx_word' id='word_1_217' title='bbox 861 1002 957 1068; x_wconf 91' lang='lat' dir='ltr'>modo</span> <span class='ocrx_word' id='word_1_218' title='bbox 990 1019 1107 1086; x_wconf 89' lang='lat' dir='ltr'>posse,</span> <span class='ocrx_word' id='word_1_219' title='bbox 1133 1003 1190 1068; x_wconf 90' lang='lat' dir='ltr'>nisi</span> <span class='ocrx_word' id='word_1_220' title='bbox 1218 1004 1250 1068; x_wconf 90' lang='lat' dir='ltr'>in</span> <span class='ocrx_word' id='word_1_221' title='bbox 1275 1024 1308 1069; x_wconf 90' lang='lat' dir='ltr'>re</span> <span class='ocrx_word' id='word_1_222' title='bbox 1333 1002 1500 1080; x_wconf 89' lang='lat' dir='ltr'>immobili,</span> 
     </span>
     <span class='ocr_line' id='line_1_48' title="bbox 861 1108 1500 1194; baseline -0.002 -20"><span class='ocrx_word' id='word_1_223' title='bbox 861 1118 914 1174; x_wconf 86' lang='lat' dir='ltr'>aut</span> <span class='ocrx_word' id='word_1_224' title='bbox 938 1127 1018 1194; x_wconf 91' lang='lat' dir='ltr'>quae</span> <span class='ocrx_word' id='word_1_225' title='bbox 1035 1127 1094 1193; x_wconf 84' lang='lat' dir='ltr'>pro</span> <span class='ocrx_word' id='word_1_226' title='bbox 1120 1108 1272 1174; x_wconf 91' lang='lat' dir='ltr'>immobili</span> <span class='ocrx_word' id='word_1_227' title='bbox 1290 1108 1443 1182; x_wconf 86' lang='lat' dir='ltr'>habeatur</span> <span class='ocrx_word' id='word_1_228' title='bbox 1461 1108 1500 1173; x_wconf 90' lang='lat' dir='ltr'>de</span> 
     </span>
     <span class='ocr_line' id='line_1_49' title="bbox 862 1210 1503 1304; baseline 0.002 -25"><span class='ocrx_word' id='word_1_229' title='bbox 862 1215 909 1280; x_wconf 94' lang='lat' dir='ltr'>sui</span> <span class='ocrx_word' id='word_1_230' title='bbox 934 1226 1042 1280; x_wconf 90' lang='lat' dir='ltr'>natura</span> <span class='ocrx_word' id='word_1_231' title='bbox 1068 1210 1230 1304; x_wconf 69' lang='lat' dir='ltr'>inuigilare,</span> <span class='ocrx_word' id='word_1_232' title='bbox 1255 1234 1335 1300; x_wconf 91' lang='lat' dir='ltr'>quae</span> <span class='ocrx_word' id='word_1_233' title='bbox 1359 1217 1503 1280; x_wconf 88' lang='lat' dir='ltr'>nomina·</span> 
     </span>
     <span class='ocr_line' id='line_1_50' title="bbox 863 1321 1434 1409; baseline -0.009 -23"><span class='ocrx_word' id='word_1_234' title='bbox 863 1321 921 1386; x_wconf 92' lang='lat' dir='ltr'>tim</span> <span class='ocrx_word' id='word_1_235' title='bbox 945 1321 1038 1387; x_wconf 85' lang='lat' dir='ltr'>certis</span> <span class='ocrx_word' id='word_1_236' title='bbox 1062 1321 1177 1387; x_wconf 84' lang='lat' dir='ltr'>sinibus</span> <span class='ocrx_word' id='word_1_237' title='bbox 1202 1321 1361 1409; x_wconf 86' lang='lat' dir='ltr'>designata</span> <span class='ocrx_word' id='word_1_238' title='bbox 1384 1323 1434 1386; x_wconf 87' lang='lat' dir='ltr'>sit.</span> 
     </span>
    </p>

    <p class='ocr_par' dir='ltr' id='par_1_9' title="bbox 863 1429 1505 1936">
     <span class='ocr_line' id='line_1_51' title="bbox 909 1429 1503 1514; baseline 0.003 -21"><span class='ocrx_word' id='word_1_239' title='bbox 909 1433 942 1493; x_wconf 75' lang='lat'>2.</span> <span class='ocrx_word' id='word_1_240' title='bbox 970 1431 1102 1494; x_wconf 81' lang='lat' dir='ltr'>Rursum</span> <span class='ocrx_word' id='word_1_241' title='bbox 1129 1430 1185 1493; x_wconf 92' lang='lat' dir='ltr'>nisi</span> <span class='ocrx_word' id='word_1_242' title='bbox 1211 1447 1288 1494; x_wconf 82' lang='lat' dir='ltr'>vere</span> <span class='ocrx_word' id='word_1_243' title='bbox 1313 1429 1344 1494; x_wconf 93' lang='lat' dir='ltr'>in</span> <span class='ocrx_word' id='word_1_244' title='bbox 1369 1430 1503 1514; x_wconf 84' lang='lat' dir='ltr'>pecunia</span> 
     </span>
     <span class='ocr_line' id='line_1_52' title="bbox 864 1532 1503 1621; baseline 0 -22"><span class='ocrx_word' id='word_1_245' title='bbox 864 1544 1039 1610; x_wconf 89' lang='lat' dir='ltr'>numerata,</span> <span class='ocrx_word' id='word_1_246' title='bbox 1066 1535 1283 1621; x_wconf 87' lang='lat' dir='ltr'>praesentibus</span> <span class='ocrx_word' id='word_1_247' title='bbox 1308 1532 1450 1610; x_wconf 90' lang='lat' dir='ltr'>testibus,</span> <span class='ocrx_word' id='word_1_248' title='bbox 1469 1553 1503 1599; x_wconf 90' lang='lat' dir='ltr'>ac</span> 
     </span>
     <span class='ocr_line' id='line_1_53' title="bbox 865 1637 1505 1704; baseline -0.002 -1"><span class='ocrx_word' id='word_1_249' title='bbox 865 1637 991 1703; x_wconf 91' lang='lat' dir='ltr'>Notario</span> <span class='ocrx_word' id='word_1_250' title='bbox 1015 1650 1047 1703; x_wconf 90' lang='lat' dir='ltr'>et</span> <span class='ocrx_word' id='word_1_251' title='bbox 1072 1641 1102 1704; x_wconf 93' lang='lat' dir='ltr'>in</span> <span class='ocrx_word' id='word_1_252' title='bbox 1126 1653 1197 1703; x_wconf 91' lang='lat' dir='ltr'>actu</span> <span class='ocrx_word' id='word_1_253' title='bbox 1221 1638 1440 1703; x_wconf 85' lang='lat' dir='ltr'>celebrationis</span> <span class='ocrx_word' id='word_1_254' title='bbox 1455 1641 1505 1702; x_wconf 91' lang='lat' dir='ltr'>ln·</span> 
     </span>
     <span class='ocr_line' id='line_1_54' title="bbox 863 1745 1504 1832; baseline 0.003 -24"><span class='ocrx_word' id='word_1_255' title='bbox 863 1747 1043 1822; x_wconf 87' lang='lat' dir='ltr'>strumenti,</span> <span class='ocrx_word' id='word_1_256' title='bbox 1059 1763 1123 1810; x_wconf 90' lang='lat' dir='ltr'>non</span> <span class='ocrx_word' id='word_1_257' title='bbox 1138 1755 1243 1809; x_wconf 90' lang='lat' dir='ltr'>autem</span> <span class='ocrx_word' id='word_1_258' title='bbox 1260 1745 1350 1827; x_wconf 87' lang='lat' dir='ltr'>prius</span> <span class='ocrx_word' id='word_1_259' title='bbox 1375 1755 1504 1832; x_wconf 87' lang='lat' dir='ltr'>recepto</span> 
     </span>
     <span class='ocr_line' id='line_1_55' title="bbox 865 1849 1301 1936; baseline 0.002 -24"><span class='ocrx_word' id='word_1_260' title='bbox 865 1849 991 1936; x_wconf 89' lang='lat' dir='ltr'>integro</span> <span class='ocrx_word' id='word_1_261' title='bbox 1016 1849 1161 1934; x_wconf 87' lang='lat' dir='ltr'>iustoque</span> <span class='ocrx_word' id='word_1_262' title='bbox 1184 1851 1301 1934; x_wconf 90' lang='lat' dir='ltr'>pretio.</span> 
     </span>
    </p>

    <p class='ocr_par' dir='ltr' id='par_1_10' title="bbox 863 1956 1506 2257">
     <span class='ocr_line' id='line_1_56' title="bbox 911 1956 1506 2046; baseline 0 -24"><span class='ocrx_word' id='word_1_263' title='bbox 911 1960 944 2023; x_wconf 87' lang='lat'>3.</span> <span class='ocrx_word' id='word_1_264' title='bbox 970 1956 1162 2034; x_wconf 81' lang='lat' dir='ltr'>solutiones,</span> <span class='ocrx_word' id='word_1_265' title='bbox 1181 1977 1256 2042; x_wconf 88' lang='lat' dir='ltr'>quas</span> <span class='ocrx_word' id='word_1_266' title='bbox 1273 1960 1369 2046; x_wconf 83' lang='lat' dir='ltr'>vulgo</span> <span class='ocrx_word' id='word_1_267' title='bbox 1393 1958 1506 2023; x_wconf 91' lang='lat' dir='ltr'>antici·</span> 
     </span>
     <span class='ocr_line' id='line_1_57' title="bbox 863 2062 1504 2151; baseline 0.005 -24"><span class='ocrx_word' id='word_1_268' title='bbox 863 2075 949 2148; x_wconf 86' lang='lat' dir='ltr'>petas</span> <span class='ocrx_word' id='word_1_269' title='bbox 972 2063 1132 2150; x_wconf 90' lang='lat' dir='ltr'>appellant</span> <span class='ocrx_word' id='word_1_270' title='bbox 1148 2062 1230 2140; x_wconf 86' lang='lat' dir='ltr'>fieri,</span> <span class='ocrx_word' id='word_1_271' title='bbox 1246 2075 1300 2130; x_wconf 92' lang='lat' dir='ltr'>aut</span> <span class='ocrx_word' id='word_1_272' title='bbox 1322 2065 1354 2131; x_wconf 90' lang='lat' dir='ltr'>in</span> <span class='ocrx_word' id='word_1_273' title='bbox 1377 2076 1504 2151; x_wconf 91' lang='lat' dir='ltr'>pactum</span> 
     </span>
     <span class='ocr_line' id='line_1_58' title="bbox 865 2169 1221 2257; baseline 0.003 -21"><span class='ocrx_word' id='word_1_274' title='bbox 865 2169 978 2236; x_wconf 90' lang='lat' dir='ltr'>deduci</span> <span class='ocrx_word' id='word_1_275' title='bbox 1003 2169 1221 2257; x_wconf 87' lang='lat' dir='ltr'>probibemus.</span> 
     </span>
    </p>

    <p class='ocr_par' dir='ltr' id='par_1_11' title="bbox 865 2278 1506 2768">
     <span class='ocr_line' id='line_1_59' title="bbox 910 2278 1506 2356; baseline 0.002 -14"><span class='ocrx_word' id='word_1_276' title='bbox 910 2280 941 2342; x_wconf 76' lang='lat' dir='ltr'>d.</span> <span class='ocrx_word' id='word_1_277' title='bbox 969 2279 1205 2345; x_wconf 75' lang='lat' dir='ltr'>Consentiones</span> <span class='ocrx_word' id='word_1_278' title='bbox 1229 2278 1361 2356; x_wconf 87' lang='lat' dir='ltr'>directe,</span> <span class='ocrx_word' id='word_1_279' title='bbox 1380 2281 1430 2344; x_wconf 87' lang='lat' dir='ltr'>vel</span> <span class='ocrx_word' id='word_1_280' title='bbox 1458 2280 1506 2343; x_wconf 92' lang='lat' dir='ltr'>in-</span> 
     </span>
     <span class='ocr_line' id='line_1_60' title="bbox 865 2383 1505 2472; baseline 0 -22"><span class='ocrx_word' id='word_1_281' title='bbox 865 2383 986 2450; x_wconf 86' lang='lat' dir='ltr'>directe</span> <span class='ocrx_word' id='word_1_282' title='bbox 1012 2384 1186 2472; x_wconf 83' lang='lat' dir='ltr'>obligantes</span> <span class='ocrx_word' id='word_1_283' title='bbox 1203 2385 1240 2450; x_wconf 91' lang='lat' dir='ltr'>ad</span> <span class='ocrx_word' id='word_1_284' title='bbox 1257 2405 1342 2450; x_wconf 90' lang='lat' dir='ltr'>casus</span> <span class='ocrx_word' id='word_1_285' title='bbox 1361 2385 1505 2450; x_wconf 91' lang='lat' dir='ltr'>lortuitos</span> 
     </span>
     <span class='ocr_line' id='line_1_61' title="bbox 866 2491 1506 2575; baseline 0.005 -21"><span class='ocrx_word' id='word_1_286' title='bbox 866 2508 951 2565; x_wconf 90' lang='lat' dir='ltr'>eum,</span> <span class='ocrx_word' id='word_1_287' title='bbox 967 2491 1019 2575; x_wconf 93' lang='lat' dir='ltr'>qui</span> <span class='ocrx_word' id='word_1_288' title='bbox 1045 2491 1117 2555; x_wconf 92' lang='lat' dir='ltr'>alias</span> <span class='ocrx_word' id='word_1_289' title='bbox 1134 2509 1173 2556; x_wconf 87' lang='lat' dir='ltr'>ex</span> <span class='ocrx_word' id='word_1_290' title='bbox 1191 2503 1300 2557; x_wconf 88' lang='lat' dir='ltr'>natura</span> <span class='ocrx_word' id='word_1_291' title='bbox 1326 2502 1506 2557; x_wconf 89' lang='lat' dir='ltr'>contractus</span> 
     </span>
     <span class='ocr_line' id='line_1_62' title="bbox 865 2597 1504 2673; baseline 0.005 -13"><span class='ocrx_word' id='word_1_292' title='bbox 865 2613 930 2661; x_wconf 88' lang='lat' dir='ltr'>non</span> <span class='ocrx_word' id='word_1_293' title='bbox 954 2607 1095 2673; x_wconf 88' lang='lat' dir='ltr'>tenetur,</span> <span class='ocrx_word' id='word_1_294' title='bbox 1111 2599 1200 2664; x_wconf 88' lang='lat' dir='ltr'>nullo</span> <span class='ocrx_word' id='word_1_295' title='bbox 1215 2597 1311 2663; x_wconf 91' lang='lat' dir='ltr'>modo</span> <span class='ocrx_word' id='word_1_296' title='bbox 1328 2599 1434 2664; x_wconf 87' lang='lat' dir='ltr'>valere</span> <span class='ocrx_word' id='word_1_297' title='bbox 1450 2618 1504 2663; x_wconf 84' lang='lat' dir='ltr'>vo-</span> 
     </span>
     <span class='ocr_line' id='line_1_63' title="bbox 867 2701 984 2768; baseline 0 -2"><span class='ocrx_word' id='word_1_298' title='bbox 867 2701 984 2768; x_wconf 89' lang='lat' dir='ltr'>lumns.</span> 
     </span>
    </p>

    <p class='ocr_par' dir='ltr' id='par_1_12' title="bbox 865 2809 1508 3637">
     <span class='ocr_line' id='line_1_64' title="bbox 912 2809 1503 2899; baseline 0.008 -26"><span class='ocrx_word' id='word_1_299' title='bbox 912 2813 946 2874; x_wconf 80' lang='lat'>5.</span> <span class='ocrx_word' id='word_1_300' title='bbox 976 2809 1250 2886; x_wconf 87' lang='lat' dir='ltr'>Quemadmodum</span> <span class='ocrx_word' id='word_1_301' title='bbox 1285 2831 1342 2878; x_wconf 90' lang='lat' dir='ltr'>ner</span> <span class='ocrx_word' id='word_1_302' title='bbox 1378 2823 1503 2899; x_wconf 88' lang='lat' dir='ltr'>pactum</span> 
     </span>
     <span class='ocr_line' id='line_1_65' title="bbox 867 2913 1505 3004; baseline 0.006 -26"><span class='ocrx_word' id='word_1_303' title='bbox 867 2913 1025 2990; x_wconf 80' lang='lat' dir='ltr'>auferens,</span> <span class='ocrx_word' id='word_1_304' title='bbox 1039 2925 1092 2980; x_wconf 91' lang='lat' dir='ltr'>aut</span> <span class='ocrx_word' id='word_1_305' title='bbox 1109 2918 1304 3004; x_wconf 83' lang='lat' dir='ltr'>restringens</span> <span class='ocrx_word' id='word_1_306' title='bbox 1328 2917 1505 2984; x_wconf 78' lang='lat' dir='ltr'>facultatem</span> 
     </span>
     <span class='ocr_line' id='line_1_66' title="bbox 865 3021 1504 3111; baseline 0.005 -26"><span class='ocrx_word' id='word_1_307' title='bbox 865 3021 1022 3088; x_wconf 89' lang='lat' dir='ltr'>alienandi</span> <span class='ocrx_word' id='word_1_308' title='bbox 1047 3042 1115 3088; x_wconf 89' lang='lat' dir='ltr'>rem</span> <span class='ocrx_word' id='word_1_309' title='bbox 1147 3024 1261 3090; x_wconf 75' lang='lat' dir='ltr'>censui</span> <span class='ocrx_word' id='word_1_310' title='bbox 1293 3025 1504 3111; x_wconf 85' lang='lat' dir='ltr'>suppositam,</span> 
     </span>
     <span class='ocr_line' id='line_1_67' title="bbox 867 3127 1508 3218; baseline 0.008 -27"><span class='ocrx_word' id='word_1_311' title='bbox 867 3127 939 3212; x_wconf 88' lang='lat' dir='ltr'>quia</span> <span class='ocrx_word' id='word_1_312' title='bbox 952 3130 1099 3195; x_wconf 81' lang='lat' dir='ltr'>volumus</span> <span class='ocrx_word' id='word_1_313' title='bbox 1113 3149 1180 3197; x_wconf 84' lang='lat' dir='ltr'>rem</span> <span class='ocrx_word' id='word_1_314' title='bbox 1202 3132 1297 3218; x_wconf 87' lang='lat' dir='ltr'>ipsam</span> <span class='ocrx_word' id='word_1_315' title='bbox 1318 3150 1457 3216; x_wconf 85' lang='lat' dir='ltr'>semper,</span> <span class='ocrx_word' id='word_1_316' title='bbox 1476 3142 1508 3198; x_wconf 88' lang='lat' dir='ltr'>et</span> 
     </span>
     <span class='ocr_line' id='line_1_68' title="bbox 869 3233 1505 3316; baseline 0.008 -18"><span class='ocrx_word' id='word_1_317' title='bbox 869 3233 986 3312; x_wconf 89' lang='lat' dir='ltr'>libere,</span> <span class='ocrx_word' id='word_1_318' title='bbox 1012 3254 1046 3300; x_wconf 91' lang='lat' dir='ltr'>ac</span> <span class='ocrx_word' id='word_1_319' title='bbox 1069 3238 1136 3302; x_wconf 92' lang='lat' dir='ltr'>sine</span> <span class='ocrx_word' id='word_1_320' title='bbox 1160 3240 1317 3304; x_wconf 89' lang='lat' dir='ltr'>solutione</span> <span class='ocrx_word' id='word_1_321' title='bbox 1341 3238 1505 3316; x_wconf 89' lang='lat' dir='ltr'>laudemii,</span> 
     </span>
     <span class='ocr_line' id='line_1_69' title="bbox 870 3341 1505 3426; baseline 0.013 -24"><span class='ocrx_word' id='word_1_322' title='bbox 870 3357 926 3405; x_wconf 91' lang='lat' dir='ltr'>sen</span> <span class='ocrx_word' id='word_1_323' title='bbox 959 3341 1266 3426; x_wconf 82' lang='lat' dir='ltr'>quinquagesimae,</span> <span class='ocrx_word' id='word_1_324' title='bbox 1299 3354 1352 3408; x_wconf 90' lang='lat' dir='ltr'>aut</span> <span class='ocrx_word' id='word_1_325' title='bbox 1375 3344 1505 3410; x_wconf 88' lang='lat' dir='ltr'>alterius</span> 
     </span>
     <span class='ocr_line' id='line_1_70' title="bbox 868 3447 1499 3532; baseline 0.006 -21"><span class='ocrx_word' id='word_1_326' title='bbox 868 3447 1049 3532; x_wconf 90' lang='lat' dir='ltr'>quantitatis</span> <span class='ocrx_word' id='word_1_327' title='bbox 1073 3449 1123 3512; x_wconf 83' lang='lat' dir='ltr'>vel</span> <span class='ocrx_word' id='word_1_328' title='bbox 1141 3449 1198 3524; x_wconf 88' lang='lat' dir='ltr'>rei,</span> <span class='ocrx_word' id='word_1_329' title='bbox 1218 3458 1280 3514; x_wconf 89' lang='lat' dir='ltr'>tam</span> <span class='ocrx_word' id='word_1_330' title='bbox 1299 3449 1499 3527; x_wconf 83' lang='lat' dir='ltr'>interrivos,</span> 
     </span>
     <span class='ocr_line' id='line_1_71' title="bbox 869 3551 1505 3637; baseline 0.002 -19"><span class='ocrx_word' id='word_1_331' title='bbox 869 3571 963 3637; x_wconf 91' lang='lat' dir='ltr'>quam</span> <span class='ocrx_word' id='word_1_332' title='bbox 988 3551 1020 3616; x_wconf 91' lang='lat' dir='ltr'>in</span> <span class='ocrx_word' id='word_1_333' title='bbox 1046 3553 1154 3618; x_wconf 90' lang='lat' dir='ltr'>ultima</span> <span class='ocrx_word' id='word_1_334' title='bbox 1180 3555 1342 3620; x_wconf 81' lang='lat' dir='ltr'>voluntate</span> <span class='ocrx_word' id='word_1_335' title='bbox 1361 3554 1505 3621; x_wconf 90' lang='lat' dir='ltr'>alienari.</span> 
     </span>
    </p>

    <p class='ocr_par' dir='ltr' id='par_1_13' title="bbox 868 3657 1509 4169">
     <span class='ocr_line' id='line_1_72' title="bbox 914 3657 1509 3738; baseline 0.005 -14"><span class='ocrx_word' id='word_1_336' title='bbox 914 3661 946 3724; x_wconf 85' lang='grc'>6.</span> <span class='ocrx_word' id='word_1_337' title='bbox 973 3657 1031 3723; x_wconf 91' lang='lat' dir='ltr'>Ubi</span> <span class='ocrx_word' id='word_1_338' title='bbox 1056 3669 1163 3723; x_wconf 90' lang='lat' dir='ltr'>autem</span> <span class='ocrx_word' id='word_1_339' title='bbox 1187 3659 1353 3725; x_wconf 88' lang='lat' dir='ltr'>vendenda</span> <span class='ocrx_word' id='word_1_340' title='bbox 1378 3663 1429 3738; x_wconf 93' lang='lat' dir='ltr'>sit,</span> <span class='ocrx_word' id='word_1_341' title='bbox 1453 3681 1509 3727; x_wconf 89' lang='lat' dir='ltr'>ve-</span> 
     </span>
     <span class='ocr_line' id='line_1_73' title="bbox 869 3763 1508 3832; baseline 0.003 -4"><span class='ocrx_word' id='word_1_342' title='bbox 869 3763 974 3829; x_wconf 93' lang='lat' dir='ltr'>lumus</span> <span class='ocrx_word' id='word_1_343' title='bbox 990 3766 1157 3830; x_wconf 88' lang='lat' dir='ltr'>lloruinum</span> <span class='ocrx_word' id='word_1_344' title='bbox 1173 3769 1291 3831; x_wconf 87' lang='lat' dir='ltr'>Census</span> <span class='ocrx_word' id='word_1_345' title='bbox 1315 3768 1380 3832; x_wconf 91' lang='lat' dir='ltr'>aliis</span> <span class='ocrx_word' id='word_1_346' title='bbox 1405 3767 1508 3832; x_wconf 93' lang='lat' dir='ltr'>omni-</span> 
     </span>
     <span class='ocr_line' id='line_1_74' title="bbox 869 3869 1508 3957; baseline 0.005 -21"><span class='ocrx_word' id='word_1_347' title='bbox 869 3869 928 3936; x_wconf 91' lang='lat' dir='ltr'>bus</span> <span class='ocrx_word' id='word_1_348' title='bbox 950 3871 1116 3957; x_wconf 81' lang='lat' dir='ltr'>praeferri,</span> <span class='ocrx_word' id='word_1_349' title='bbox 1132 3873 1227 3956; x_wconf 92' lang='lat' dir='ltr'>eique</span> <span class='ocrx_word' id='word_1_350' title='bbox 1241 3872 1419 3938; x_wconf 89' lang='lat' dir='ltr'>denuntiari</span> <span class='ocrx_word' id='word_1_351' title='bbox 1434 3894 1508 3939; x_wconf 88' lang='lat' dir='ltr'>eon-</span> 
     </span>
     <span class='ocr_line' id='line_1_75' title="bbox 868 3974 1507 4060; baseline 0.005 -21"><span class='ocrx_word' id='word_1_352' title='bbox 868 3974 1027 4052; x_wconf 90' lang='lat' dir='ltr'>ditiones,</span> <span class='ocrx_word' id='word_1_353' title='bbox 1054 3975 1168 4060; x_wconf 90' lang='lat' dir='ltr'>quibus</span> <span class='ocrx_word' id='word_1_354' title='bbox 1192 3978 1358 4043; x_wconf 85' lang='lat' dir='ltr'>vendenda</span> <span class='ocrx_word' id='word_1_355' title='bbox 1386 3979 1448 4055; x_wconf 89' lang='lat' dir='ltr'>sit,</span> <span class='ocrx_word' id='word_1_356' title='bbox 1476 3989 1507 4042; x_wconf 93' lang='lat' dir='ltr'>et</span> 
     </span>
     <span class='ocr_line' id='line_1_76' title="bbox 868 4087 1288 4169; baseline 0.01 -25"><span class='ocrx_word' id='word_1_357' title='bbox 868 4100 928 4169; x_wconf 85' lang='lat' dir='ltr'>per</span> <span class='ocrx_word' id='word_1_358' title='bbox 951 4101 1091 4147; x_wconf 90' lang='lat' dir='ltr'>mensem</span> <span class='ocrx_word' id='word_1_359' title='bbox 1117 4087 1288 4169; x_wconf 82' lang='lat' dir='ltr'>expectari.</span> 
     </span>
    </p>

    <p class='ocr_par' dir='ltr' id='par_1_14' title="bbox 869 4192 1507 4597">
     <span class='ocr_line' id='line_1_77' title="bbox 915 4192 1506 4258; baseline 0.005 -5"><span class='ocrx_word' id='word_1_360' title='bbox 915 4193 944 4254; x_wconf 89' lang='lat'>7.</span> <span class='ocrx_word' id='word_1_361' title='bbox 985 4194 1072 4254; x_wconf 90' lang='lat' dir='ltr'>Pacta</span> <span class='ocrx_word' id='word_1_362' title='bbox 1113 4192 1304 4257; x_wconf 89' lang='lat' dir='ltr'>continentia</span> <span class='ocrx_word' id='word_1_363' title='bbox 1344 4212 1506 4258; x_wconf 91' lang='lat' dir='ltr'>morosum</span> 
     </span>
     <span class='ocr_line' id='line_1_78' title="bbox 870 4294 1506 4363; baseline -0.002 -2"><span class='ocrx_word' id='word_1_364' title='bbox 870 4300 989 4361; x_wconf 87' lang='lat' dir='ltr'>Census</span> <span class='ocrx_word' id='word_1_365' title='bbox 1015 4294 1191 4361; x_wconf 89' lang='lat' dir='ltr'>debitorem</span> <span class='ocrx_word' id='word_1_366' title='bbox 1220 4297 1320 4362; x_wconf 88' lang='lat' dir='ltr'>teneri</span> <span class='ocrx_word' id='word_1_367' title='bbox 1346 4298 1384 4362; x_wconf 91' lang='lat' dir='ltr'>ad</span> <span class='ocrx_word' id='word_1_368' title='bbox 1410 4299 1506 4363; x_wconf 90' lang='lat' dir='ltr'>iuter·</span> 
     </span>
     <span class='ocr_line' id='line_1_79' title="bbox 869 4401 1507 4480; baseline -0.006 -10"><span class='ocrx_word' id='word_1_369' title='bbox 869 4423 935 4470; x_wconf 72' lang='lat' dir='ltr'>esse.</span> <span class='ocrx_word' id='word_1_370' title='bbox 968 4403 1044 4468; x_wconf 91' lang='lat' dir='ltr'>lucri</span> <span class='ocrx_word' id='word_1_371' title='bbox 1081 4401 1250 4480; x_wconf 88' lang='lat' dir='ltr'>cessantis,</span> <span class='ocrx_word' id='word_1_372' title='bbox 1277 4407 1326 4469; x_wconf 89' lang='lat' dir='ltr'>vel</span> <span class='ocrx_word' id='word_1_373' title='bbox 1352 4403 1390 4470; x_wconf 91' lang='lat' dir='ltr'>ad</span> <span class='ocrx_word' id='word_1_374' title='bbox 1416 4409 1507 4469; x_wconf 89' lang='lat' dir='ltr'>Cam-</span> 
     </span>
     <span class='ocr_line' id='line_1_80' title="bbox 869 4513 1503 4597; baseline -0.006 -21"><span class='ocrx_word' id='word_1_375' title='bbox 869 4513 967 4589; x_wconf 93' lang='lat' dir='ltr'>bium,</span> <span class='ocrx_word' id='word_1_376' title='bbox 983 4530 1038 4576; x_wconf 90' lang='lat' dir='ltr'>seu</span> <span class='ocrx_word' id='word_1_377' title='bbox 1058 4523 1156 4576; x_wconf 89' lang='lat' dir='ltr'>certas</span> <span class='ocrx_word' id='word_1_378' title='bbox 1173 4531 1336 4597; x_wconf 79' lang='lat' dir='ltr'>expensas,</span> <span class='ocrx_word' id='word_1_379' title='bbox 1352 4524 1403 4576; x_wconf 88' lang='lat' dir='ltr'>aut</span> <span class='ocrx_word' id='word_1_380' title='bbox 1421 4525 1503 4575; x_wconf 82' lang='lat' dir='ltr'>certa</span> 
     </span>
    </p>
   </div>
   <div class='ocr_carea' id='block_1_7' title="bbox 0 0 1849 5210">
    <p class='ocr_par' dir='ltr' id='par_1_15' title="bbox 0 0 1849 5210">
     <span class='ocr_line' id='line_1_81' title="bbox 0 0 1849 5210; baseline 0 0"><span class='ocrx_word' id='word_1_381' title='bbox 0 0 1849 5210; x_wconf 95' lang='lat' dir='ltr'> </span> 
     </span>
    </p>
   </div>
  </div>
 </body>
</html>
