3674 5210
727 249 871 298 arrannrx
899 253 924 302 r.
1440 232 1483 301 ii

199 349 249 414 to.
279 347 436 434 Denique,
461 357 497 414 ut
519 348 682 436 perieulis,
708 367 789 433 qrrae
842 369 924 413 rnam
950 348 1135 414 contrariam
1162 346 1426 414 consuetudinem
1451 370 1484 412 a·

153 475 189 520 ex
215 455 457 541 trasportatione
491 457 697 542 pecuniarum
730 453 788 520 ire·
844 465 969 541 erogata
994 453 1111 531 inerim
1136 455 1187 520 rel
1211 454 1235 518 si
1262 473 1325 520 non
1351 475 1406 520 usn
1432 474 1484 519 re·

152 573 291 646 quanter
314 562 346 626 in
371 559 456 627 dioto
487 566 597 648 Regno
622 561 789 640 eveniunt,
844 574 933 649 cepta
958 561 1076 639 inerit,
1102 561 1146 626 uti
1174 563 1204 626 in
1230 565 1321 628 Gabia
1357 563 1480 651 Belgio,

152 680 358 745 ocrim-atur,
394 668 609 754 permittimus
644 677 679 732 ut
708 667 732 731 si
759 667 792 732 in
844 667 1022 743 Germania,
1056 668 1200 753 Hispania
1231 681 1263 734 et
1297 671 1411 746 statua,
1451 671 1482 734 in

151 777 312 840 creatione
325 775 590 859 Censnspecnnia
607 773 647 838 ad
664 791 790 838 manum
844 773 919 838 loeis
950 773 1070 840 eisdem
1106 793 1169 839 non
1206 775 1347 864 obligat,
1373 776 1482 862 ibique

150 882 319 948 commode
343 883 450 948 baberi
476 881 682 967 neqniverit,
709 881 792 945 iltius
845 879 930 946 licite
946 879 1026 946 finnt
1042 891 1219 948 contractus
1233 884 1406 960 sensuales
1418 902 1482 950 non

151 987 223 1054 loeo
246 993 381 1075 Emptos
403 1007 552 1074 apocam,
576 1007 633 1053 seu
656 987 790 1052 sabedn-
844 987 971 1053 attentis
1015 985 1250 1052 conditionibus
1294 986 1333 1053 ab
1372 990 1482 1054 eadem
1582 1007 1586 1020 ·

151 1097 210 1162 lam
235 1096 414 1163 baneariam
427 1095 572 1162 idoneam
587 1095 701 1184 integri
718 1113 793 1180 pre-
843 1091 1059 1180 praesariptis.
1097 1093 1262 1170 Quomodo
1304 1105 1410 1162 autem
1451 1096 1482 1160 id

153 1204 185 1268 tii
212 1204 244 1268 in
270 1203 339 1289 ipso
368 1203 539 1288 emptionis
576 1212 646 1267 aotu
678 1200 793 1266 debeat
844 1199 910 1264 fieri
937 1210 1032 1285 queat
1056 1202 1175 1285 optime
1200 1201 1343 1268 innuitur
1366 1203 1403 1268 ab
1423 1205 1482 1268 He·

153 1307 319 1374 exhibere.
845 1307 945 1371 rinex.
959 1315 1049 1388 part.
1069 1305 1103 1370 2.
1125 1307 1271 1372 Summae
1292 1307 1484 1390 Tbeeiopiaoe

198 1418 251 1481 tt.
279 1415 514 1480 Constitutione
536 1422 641 1480 nostra
665 1411 793 1498 praedi-

152 1531 199 1588 eta
225 1535 289 1588 tam
314 1525 346 1588 in
361 1541 433 1588 casu
457 1523 597 1598 Dotinm,
615 1539 708 1605 qnam
725 1539 794 1585 eae-

153 1631 228 1696 teris
264 1628 411 1694 omnibus
436 1630 468 1693 in
502 1648 537 1694 aa
561 1627 734 1702 contentis,
761 1625 793 1692 in

152 1755 210 1802 suo
233 1736 350 1802 robore
372 1735 647 1821 permanentibus.

201 1846 253 1908 ts.
281 1842 434 1908 Volumus
457 1853 563 1907 autem
589 1853 649 1908 ota.

199 1952 309 2012 Datum
346 1950 463 2013 Romae
495 1947 579 2034 apud
614 1949 646 2014 S.
664 1950 793 2012 Petrum

151 2055 212 2120 sub
235 2053 354 2120 annulo
388 2055 562 2120 Piscatoris.
598 2055 653 2120 Die
680 2057 719 2120 to
745 2057 794 2118 ln-

152 2158 550 2226 nii1570.Pontifioatus
581 2161 679 2226 nostri
711 2179 794 2227 anno

153 2268 280 2352 quinto.

197 2373 300 2449 Quum
325 2374 364 2438 ob
388 2373 534 2438 avaritiae
564 2373 795 2459 praesumptio-

153 2499 228 2545 nem
254 2480 444 2546 constitutio
469 2479 623 2546 eiusmodi
651 2481 707 2546 iata
726 2480 793 2546 iue-

151 2587 208 2663 rit,
222 2587 331 2671 quaeri
346 2585 440 2650 etiarn
457 2597 564 2671 posset
580 2606 620 2651 an
643 2587 696 2651 ista
712 2591 796 2653 Con-

150 2693 276 2759 stitutio
301 2693 421 2780 obliget
446 2694 479 2758 in
504 2693 695 2768 nescientia,
722 2713 795 2778 qna·

154 2811 248 2864 tenus
271 2809 393 2864 constet
417 2797 503 2884 qnod
520 2810 696 2864 contractus
720 2818 795 2864 oen-

845 1413 924 1495 disp.
942 1411 978 1478 3.
997 1413 1032 1476 de
1053 1411 1168 1496 lapibus
1192 1434 1225 1479 n.
1248 1413 1331 1481 117.
1361 1417 1411 1480 Em
1435 1415 1482 1481 bis

844 1503 940 1602 patet
968 1519 1118 1602 quomado
1153 1519 1272 1585 multae
1307 1523 1395 1606 bepes
1429 1541 1484 1587 seu

846 1623 957 1690 Rullus
981 1627 1169 1710 Pontificius
1196 1631 1356 1694 iniuriis
1385 1632 1485 1712 repie-

846 1730 937 1796 nibus
960 1749 1024 1794 non
1048 1730 1205 1813 obliquum·
1230 1733 1385 1808 uidelicet,
1407 1737 1485 1816 quio

845 1836 892 1902 oei
915 1841 951 1903 in
973 1840 1015 1903 iis
1038 1857 1136 1921 neque
1158 1839 1339 1923 diunipatae
1360 1861 1414 1904 seu
1425 1861 1486 1924 pru-

844 1944 990 2020 biieatoe,
1009 1965 1107 2028 neque
1128 1957 1309 2029 arreptutae
1332 1950 1480 2032 suerunt,

846 2055 1075 2126 consentiente,
1101 2074 1156 2118 seu
1180 2058 1277 2119 territe
1301 2059 1486 2121 connivente

846 2163 1018 2247 Familiae,-
1043 2163 1089 2227 uei
1111 2167 1188 2245 quio
1205 2163 1327 2248 defertu
1343 2163 1487 2247 publiea-

846 2270 942 2333 tionis
958 2275 987 2331 et
1004 2271 1241 2350 (temptationis,
1261 2273 1372 2333 retain
1394 2257 1483 2352 priu-

847 2377 927 2458 eipio
940 2373 1102 2458 culpabili,
1119 2376 1244 2439 tandem
1262 2379 1295 2440 in
1311 2379 1484 2461 perfectam

846 2481 1080 2545 desuetudinem
1098 2482 1267 2546 desierunt.
1284 2481 1365 2546 tttua
1379 2495 1484 2548 autem

843 2587 1027 2670 pierumque
1050 2592 1155 2653 oritur
1178 2609 1217 2652 eu
1244 2609 1295 2660 eo,
1320 2591 1402 2673 quod
1429 2591 1487 2653 Or-

846 2691 971 2754 dinurii
1004 2692 1185 2773 frequenter·
1209 2691 1399 2764 arivertant,
1428 2701 1485 2755 uui

846 2800 1038 2870 existiment,
1055 2817 1093 2860 aa
1115 2817 1203 2882 saepe
1219 2817 1281 2862 non
1298 2799 1483 2881 insundnte,

151 2907 297 2970 straiitins
321 2907 469 2971 immunis
484 2906 523 2972 ab
539 2905 667 2971 avaritia
684 2904 792 2972 fuerit.
849 2909 936 2986 Lepas
952 2907 1061 2968 uarios
1073 2923 1136 2968 nors
1154 2925 1323 2989 conpruere
1343 2905 1487 2988 publicae

151 3015 302 3089 Quamvis
326 3017 436 3078 Narar.
456 3014 491 3077 de
510 3017 618 3078 usuris
642 3032 730 3077 num.
747 3011 793 3077 69
847 3011 988 3076 utilitati
1010 3029 1143 3076 suarum
1170 3013 1359 3077 Diaecestam
1384 3011 1416 3074 ob
1436 3016 1487 3076 in·

151 3133 180 3184 et
206 3117 256 3183 70
281 3117 498 3184 affirmativam
527 3120 719 3184 sententiam
745 3137 795 3184 re·
846 3127 1015 3191 veternas,
1035 3129 1063 3182 et
1079 3117 1283 3183 rationabiles
1307 3117 1485 3182 eoruurdem

152 3227 272 3302 tineat;
299 3225 471 3290 tenendum
500 3236 604 3291 tamen
633 3237 680 3291 est
708 3224 794 3312 quod
848 3225 1098 3296 eonsuetudines,
1125 3229 1251 3308 persium
1272 3225 1379 3308 piebis,
1406 3227 1486 3309 dese·

154 3330 347 3396 Constitutio
370 3331 513 3396 absolute
527 3332 646 3420 obligat
671 3335 702 3397 in
719 3353 795 3398 con·
849 3341 934 3395 etum
957 3332 1031 3414 [inb
1054 3332 1128 3415 lepis
1143 3351 1173 3396 a.
1193 3351 1222 3415 p,
1241 3335 1319 3414 quia
1335 3331 1403 3396 iata
1418 3335 1486 3416 suit

151 3437 284 3502 scientia
308 3437 361 3501 nbi
387 3457 444 3502 usu
468 3448 597 3522 recepta
623 3437 719 3504 iurarit
739 3450 793 3504 aut
848 3439 880 3505 ob
901 3439 1057 3524 pericula,
1077 3450 1106 3503 et
1129 3441 1278 3523 desectus,
1302 3443 1360 3522 quai
1375 3439 1486 3505 ibidem

152 3562 213 3629 per
238 3543 411 3630 legitimans
436 3543 623 3610 contrariam
660 3565 793 3611 consue·
847 3550 1020 3631 peneratim
1044 3565 1108 3611 non
1131 3555 1333 3629 pressantur,
1353 3550 1487 3612 imouiu

153 3648 301 3715 tudinem
325 3669 389 3716 non
414 3649 510 3716 inerit
533 3651 690 3739 abrogata.
718 3655 792 3717 Nam
848 3663 1038 3718 noscuntur.
1067 3653 1228 3717 interdum
1265 3656 1361 3719 etiam
1396 3653 1488 3718 orti-

153 3774 192 3819 er
219 3757 284 3841 ipsa
311 3759 388 3820 Rota
408 3767 496 3840 part.
519 3755 577 3822 19.
596 3769 671 3823 tona.
692 3758 726 3824 1.
745 3761 795 3824 de-
849 3761 940 3825 narii
963 3759 994 3823 ob
1014 3757 1328 3842 potestatemiaiaam
1345 3781 1407 3825 non
1418 3782 1488 3846 pos-

152 3863 210 3928 eis.
242 3865 318 3926 338.
348 3880 438 3926 num.
471 3861 506 3927 2.
536 3863 641 3929 nuilus
676 3863 794 3948 absque
847 3877 924 3931 sunt
947 3869 1059 3947 exequi
1076 3863 1485 3948 proiibitusuamandatu

151 3964 359 4031 distinetione
383 3965 560 4032 declaratur
580 3986 692 4034 census
709 3987 796 4033 area·
849 3971 1037 4056 apostoliea.
1085 3973 1207 4036 Interea
1244 3993 1316 4038 uero
1354 3984 1488 4059 terrrpore

152 4082 203 4136 tus
239 4084 348 4137 eontra
389 4074 517 4138 formam
555 4077 794 4142 constitutionis
847 4079 966 4164 {tuente
999 4081 1035 4142 in
1066 4078 1296 4142 desuetudinem
1325 4079 1401 4163 iopas
1435 4081 1487 4144 ab·

151 4181 184 4244 S.
205 4179 249 4242 Pii
279 4183 315 4245 V·
343 4182 461 4245 Verum
484 4182 507 4246 si
535 4181 647 4246 eadem
672 4182 794 4247 Consti·
847 4194 937 4259 eunt,
965 4191 1134 4268 antequam
1158 4203 1219 4249 usu
1243 4189 1453 4271 recipiantur.

151 4287 234 4352 tutio
258 4287 407 4375 primitus
431 4300 581 4376 recepta,
606 4309 665 4375 per
690 4291 795 4378 legiti-

735 4537 905 4595 ..μω-ς...-
