3622 5240
364 233 405 298 tu
973 255 1083 304 cursus

443 347 501 424 ux
529 347 652 424 verbis
679 349 761 424 istis
790 350 959 448 quisquis
987 349 1118 452 aspicit
1149 350 1289 428 nullum
1308 377 1500 454 superesse
1518 353 1697 448 dubium,

363 473 402 545 et
430 470 475 543 ab
504 467 637 543 eisdem
668 467 808 544 excludi
840 470 1042 570 quamlibet
1069 469 1178 546 aliam
1218 471 1583 573 interpretationem,
1618 500 1703 574 qua

363 586 447 687 quis
476 586 593 662 adhue
621 586 842 663 contendere
872 586 987 681 velit,
1019 589 1210 664 voluntate
1247 603 1286 664 et
1324 615 1503 666 consensu
1544 601 1702 669 contra-

362 705 530 782 hentium
572 705 731 783 validari
759 733 866 807 posse
896 708 931 784 id
960 711 1053 808 quod
1095 708 1286 810 legislator
1324 709 1598 787 conditionibus
1629 737 1703 787 ne-

364 827 533 903 cessariis
561 827 754 902 conclusit.
789 827 955 904 Pecunia
982 829 1026 904 de
1056 828 1239 928 praesenti
1267 833 1463 904 nnnierata
1491 829 1529 904 in
1557 854 1701 905 census

364 946 551 1024 creatione
579 951 636 1022 est
672 947 860 1036 conditio,
894 948 974 1022 sine
1003 972 1076 1048 qua
1104 972 1177 1022 nou
1218 948 1402 1048 permittit
1442 949 1482 1024 S.
1515 949 1702 1024 Pontifex

364 1091 493 1142 census
520 1066 844 1142 constitutionem:
876 1070 963 1167 quia
991 1067 1198 1168 oppositum
1237 1092 1326 1144 com
1353 1071 1559 1168 manifesto
1588 1069 1701 1143 diot-

363 1189 511 1262 norum
538 1186 669 1287 leptim
697 1190 906 1286 contemptu
926 1192 964 1262 et
983 1187 1190 1262 enituerunt
1220 1188 1380 1287 pernicie
1408 1187 1596 1263 conciliari
1621 1211 1701 1262 non

365 1309 501 1408 potest.
526 1305 654 1405 Neque
674 1305 782 1380 obiici
799 1305 962 1406 potuisse
987 1304 1154 1381 Natalem
1171 1307 1215 1381 Ρ.
1233 1331 1364 1381 revera
1386 1305 1570 1408 accepisse
1589 1331 1700 1382 sum-

368 1449 464 1500 mam
485 1431 630 1501 centnm
651 1429 893 1500 scutatorum:
912 1449 995 1500 nam
1016 1448 1061 1500 ex
1081 1449 1124 1500 eo
1144 1425 1366 1501 instantem
1388 1425 1700 1503 fnissetOoufra-

368 1546 532 1620 ternitati
549 1547 712 1643 repetere
728 1569 909 1618 surmnam
925 1543 1024 1618 illam
1039 1545 1248 1634 adebitore,
1263 1557 1373 1644 atque
1386 1546 1502 1621 etiam
1518 1547 1548 1620 si
1560 1546 1700 1622 libuis-

367 1667 426 1740 set
453 1663 635 1738 actionem
665 1687 773 1762 super
803 1664 899 1738 bona
927 1664 1006 1738 eins
1035 1663 1239 1740 immobilia
1267 1664 1471 1756 intentare,
1493 1668 1531 1740 et
1558 1665 1699 1739 iudicis

369 1782 558 1858 sententia
596 1806 660 1882 per
688 1780 834 1881 publica
873 1783 1124 1883 experimenta
1163 1785 1342 1860 vendere:
1374 1784 1574 1860 nullimode
1605 1809 1700 1860 vero

371 1903 489 1980 valida
517 1904 556 1976 et
584 1901 683 1976 licita
712 1901 783 1976 fnit
811 1903 950 1976 creatio
978 1927 1121 1978 census.
1153 1902 1223 1979 Cui
1250 1905 1395 2003 quidem
1415 1903 1511 1980 nihil
1530 1904 1699 1980 detrahit

365 2023 581 2099 beneficium
613 2020 913 2114 redimibilitatis,
945 2027 1141 2122 quominus
1173 2050 1255 2100 vere
1284 2029 1322 2100 et
1351 2026 1499 2102 realiter
1527 2026 1578 2101 sit
1609 2050 1698 2102 con·

364 2142 507 2217 stitutio
535 2140 649 2217 annui
684 2143 846 2216 redditus
875 2167 921 2216 ex
949 2145 1106 2244 pecunia
1143 2149 1364 2221 numerata:
1395 2147 1491 2247 quod
1524 2143 1695 2244 putidam

366 2283 515 2336 usuram
544 2259 694 2334 redolet.
728 2260 785 2334 lllx
813 2261 947 2361 quibus
977 2263 1356 2341 animadversionibus
1384 2265 1507 2366 patuit
1540 2266 1698 2366 imposi-

303 2435 319 2472 ,
364 2380 501 2455 tionem
530 2403 661 2455 census
691 2381 728 2455 in
756 2379 923 2456 themate
956 2382 1128 2458 nullitate
1167 2385 1344 2460 laborare.
1376 2385 1480 2474 Quod
1519 2385 1697 2465 firmatur

366 2521 411 2574 ex
432 2499 471 2577 S.
496 2501 595 2578 Rota
610 2507 654 2575 in
670 2501 789 2576 decta.
811 2502 870 2576 80
882 2488 992 2604 port.
1016 2504 1074 2579 14
1096 2529 1205 2581 num.
1229 2504 1256 2578 7
1276 2512 1312 2578 ct
1338 2505 1456 2582 decis,
1481 2503 1571 2582 338
1601 2531 1643 2578 a.
1668 2503 1699 2583 2

361 2630 469 2720 port.
504 2617 561 2695 19
591 2627 682 2694 tom.
715 2621 737 2695 1
771 2631 912 2697 recent.

445 2736 573 2823 Quoad
601 2738 852 2837 quaestionem
881 2741 1075 2817 secundam
1103 2745 1335 2819 observatum
1355 2741 1428 2819 fuit
1449 2744 1618 2822 Natalem
1644 2745 1693 2823 P.

367 2857 566 2932 nullimode
594 2855 735 2932 absolvi
763 2856 924 2958 potuisse
952 2885 974 2934 a
1002 2859 1176 2938 solvenda
1203 2867 1299 2937 sorte
1330 2862 1524 2965 principali
1552 2873 1592 2941 et
1621 2866 1697 2942 fru-

364 2977 501 3067 otiliae,
530 2976 620 3076 quia
647 3001 780 3052 census
808 2976 995 3078 impositio
1025 2980 1148 3056 valida
1176 2987 1287 3080 atque
1307 2980 1438 3057 efficax
1458 2985 1528 3059 dici
1548 2985 1696 3079 debuit;

365 3105 403 3172 et
429 3097 519 3196 quia
547 3096 615 3171 etsi
643 3120 776 3172 census
803 3098 859 3172 uti
888 3098 1011 3175 nullus
1040 3101 1194 3176 retineri
1221 3099 1343 3192 vellet,
1376 3109 1530 3194 certum,
1563 3105 1696 3204 explo-

364 3217 560 3314 ratumque
590 3214 660 3289 fuit
689 3213 926 3292 Natalem‘P.
950 3215 1130 3317 liquidum
1161 3216 1274 3292 fuisse
1302 3218 1500 3294 debitorem
1522 3219 1697 3295 Sodalitii

365 3334 483 3412 SSr‘tri.
502 3335 745 3410 Sacramenti
769 3335 802 3408 A
829 3359 902 3435 quo
929 3337 1051 3411 debito
1071 3362 1187 3438 neque
1207 3337 1380 3413 Summus
1409 3337 1582 3414 Pontifex
1611 3361 1695 3414 eum

364 3453 554 3528 absolvere
595 3452 740 3554 potuit,
774 3455 861 3553 quia
890 3463 1014 3530 orator
1046 3457 1165 3533 adhuc
1193 3456 1231 3531 iu
1260 3458 1365 3533 bonis
1395 3458 1530 3550 habet,
1564 3481 1687 3558 neque

365 3579 582 3674 paupertate
609 3574 783 3665 laborat3
814 3577 852 3650 et
880 3575 967 3674 quia
1007 3575 1182 3652 Summus
1220 3576 1395 3651 Pontifex
1424 3575 1520 3652 haud
1547 3578 1692 3678 gratias

367 3696 565 3769 concedere
594 3693 734 3769 adsolet
761 3717 844 3770 cum
874 3695 1099 3795 praeiudicio
1128 3697 1219 3772 iuris
1248 3696 1356 3770 tertio
1384 3698 1555 3796 quaesiti.

443 3817 621 3890 Attamen
669 3811 786 3890 videri
831 3813 1026 3891 Oratorem
1069 3841 1175 3915 posse
1212 3815 1415 3916 dispensari
1455 3843 1477 3890 a
1515 3815 1689 3894 solvendo

364 3934 487 4010 debito
519 3933 554 4010 l.
586 3934 673 4034 quia
701 3932 895 4011 honestate
925 3943 1036 4035 atque
1080 3934 1257 4035 religione
1293 3934 1502 4034 praelucet:
1533 3936 1572 4013 2.
1604 3935 1692 4036 quia

365 4053 531 4128 debitum
560 4054 748 4130 contraxit
775 4054 929 4130 malitiis
958 4055 1057 4131 haud
1087 4055 1306 4156 indulgens,
1340 4057 1402 4131 sed
1430 4079 1476 4130 ex
1505 4054 1690 4158 imperitia
1757 4155 1759 4158 q

366 4174 406 4247 iu
425 4173 503 4248 suis
522 4199 565 4248 ao
583 4175 737 4250 alternis
757 4177 864 4252 rebus
885 4175 1202 4251 administramus:
1227 4175 1265 4249 3.
1289 4177 1375 4273 quia
1404 4198 1532 4249 revera
1551 4195 1690 4274 pauper

365 4293 503 4385 existit,
536 4318 619 4369 cum
651 4319 794 4394 parum,
823 4293 879 4370 vel
907 4317 1021 4394 poene
1051 4293 1144 4368 nihil
1172 4294 1307 4368 habeat
1327 4291 1365 4367 in
1386 4293 1502 4384 bonis,
1530 4297 1689 4368 testante

365 4411 575 4489 Ordinario.
608 4411 657 4488 lli
685 4414 762 4514 ipse
791 4415 966 4492 Summus
996 4413 1170 4490 Pontifex
1213 4411 1391 4487 eiusmodi
1432 4413 1575 4513 gratias
1603 4435 1691 4486 con-

366 4534 493 4609 cedere
514 4538 648 4630 potest,
664 4536 752 4634 quia
772 4535 809 4609 in
829 4533 994 4610 themate
1015 4532 1279 4634 praeiudicium
1300 4530 1400 4606 tertii
1421 4554 1495 4606 non
1515 4531 1684 4622 habetur,
