3674 5210
394 165 435 250 66
828 193 868 252 ex
893 197 975 250 acris
1000 195 1277 255 dosstsronutmlls

394 301 526 383 poldum
570 301 729 388 ltuggiero
767 320 805 366 ex
844 298 1023 388 legitimis,
1080 299 1227 390 theologo
1251 324 1283 368 ac
1307 299 1554 389 poenitentiario
1583 301 1715 372 cainoni·

393 406 551 472 catholicis
570 455 578 484 ,
606 408 809 494 honestisque
844 409 1026 493 parentibus
1080 428 1144 485 cos,
1162 425 1283 497 septem
1301 414 1566 480 Hebdomadarios
1583 419 1715 482 eanon-

395 513 523 598 Neapoli
548 515 752 602 progenitum
778 528 809 580 et
831 517 1029 602 quinquage-
1081 518 1296 603 cos,aliosc1ue
1311 519 1513 605 Presbyteros
1530 534 1562 587 et
1579 522 1715 587 Clericus

392 622 506 686 simum
537 631 661 688 sectum
686 623 792 686 aetatis
813 641 887 687 suae
910 640 1027 688 arcuum
1081 621 1197 688 divinis
1221 625 1437 691 inservientes.

392 745 644 814 supergressum.
672 731 765 794 Sacro
790 729 1028 813 presbyteratus
1147 730 1245 794 Penes
1255 729 1433 817 Capitulum
1453 743 1537 798 estat
1552 734 1716 800 habitualis

394 833 506 902 ordine
529 834 651 901 dudum
676 835 859 922 insignitus,
879 835 911 901 in
929 835 1026 900 eccle·
1081 853 1153 900 cura
1177 836 1363 914 animarum,
1390 858 1469 924 quae
1494 858 1553 924 per
1576 853 1716 926 quartam

393 941 522 1007 siasticis
562 940 747 1008 exercendis
787 941 1026 1018 iunctionibus,
1081 941 1193 1006 [lecani
1207 942 1393 1029 dignitatem
1408 948 1717 1036 exerceturipsamct
1813 989 1814 994 κ

393 1049 556 1138 signanter
580 1050 611 1113 in
637 1049 801 1132 utriusque
831 1069 924 1114 sexus
954 1068 1030 1115 con·
1082 1048 1114 1113 in
1139 1049 1389 1134 lletmpolitana.

396 1154 582 1220 leccionibus
606 1154 816 1242 excipiendis,
835 1174 945 1221 navarm
971 1153 1030 1218 im·
1148 1155 1236 1219 Nulla
1260 1153 1316 1218 alia
1341 1168 1468 1242 praeter
1505 1160 1717 1245 Metropolita-

395 1260 506 1344 pendit
542 1278 680 1346 operam.
711 1263 742 1326 lo
771 1257 1027 1345 archiepiscopali
1081 1277 1152 1325 nam
1181 1259 1341 1346 reperitur
1376 1263 1558 1329 Surrentina
1585 1265 1616 1329 in
1640 1265 1717 1329 urbe

395 1371 482 1452 lyceo
495 1367 572 1432 iuris
585 1379 711 1433 naturae
724 1387 756 1432 ar
771 1370 912 1455 gentium
923 1366 1030 1451 plures
1082 1362 1256 1428 Gurionalis
1280 1373 1333 1428 aut
1358 1365 1527 1452 collegiata
1553 1367 1689 1434 Ecclesia
1706 1417 1716 1445 ,

395 1491 454 1558 per
476 1491 573 1540 annos
608 1474 842 1540 cathedraticos
882 1473 1026 1548 eftectus,
1081 1468 1137 1534 sed
1161 1470 1219 1533 tria
1243 1471 1397 1546 virorum,
1417 1481 1449 1536 et
1464 1471 1528 1537 duo
1545 1475 1717 1540 mulierum

393 1599 426 1644 ac
441 1599 499 1665 pro
515 1599 644 1646 censura
657 1580 810 1646 librorum
825 1581 873 1645 illa
887 1581 919 1646 in
932 1577 1030 1645 archi·
1081 1577 1269 1640 monasteria
1288 1624 1297 1653 ,
1323 1577 1593 1644 conservatorium
1612 1627 1620 1655 ,
1648 1591 1718 1645 octo

396 1685 531 1751 dioecesi
552 1684 747 1752 edendorum
768 1689 940 1769 deputatus
957 1703 1029 1749 con·
1083 1679 1232 1749 laicorum
1256 1683 1457 1758 sodalitates,
1482 1684 1658 1770 hospitale,
1684 1707 1718 1751 ac

393 1791 1030 1878 stitutusestlleputatiquoquemunere
1080 1787 1286 1854 seminarium
1323 1792 1584 1876 metropolitanae
1623 1791 1720 1858 adne-

393 1917 453 1984 pro
475 1899 632 1965 seminarii
659 1898 821 1986 discipl'ur
841 1920 874 1962 ac
891 1917 949 1982 pro
964 1908 1031 1963 stu·
1083 1911 1178 1971 xum;
1202 1913 1292 1961 mons
1315 1908 1419 1962 autem
1445 1898 1569 1984 pietatis
1593 1896 1719 1963 deside-

360 2077 364 2084 ,
394 2005 453 2071 diis
477 2004 618 2070 eiusdem
638 2005 730 2090 Lycei
757 2006 943 2092 perlnnctus
967 2015 1026 2070 est.
1081 2010 1178 2065 retur.

394 2113 480 2177 lnter
518 2113 753 2178 Examinatores
791 2112 1030 2198 pro-synodales
1149 2109 1259 2195 Ampla
1298 2119 1346 2174 est
1383 2108 1659 2187 Archidioecesis,
1684 2129 1718 2176 ac

395 2229 428 2283 et
452 2219 534 2285 Cleri
565 2217 713 2294 adscitus,
741 2239 774 2282 ac
811 2217 859 2281 illa
897 2219 928 2281 in
963 2237 1031 2282 me·
1083 2214 1549 2300 pluressuhsecomplectituc
1571 2215 1718 2282 civitates

396 2323 587 2410 tropolitana
639 2325 812 2391 canonicus
866 2324 1029 2408 hucusque
1084 2331 1116 2384 et
1137 2320 1265 2405 oppida.

396 2431 620 2508 renunciatus,
663 2432 806 2496 ecnttutc
841 2431 1026 2506 doctrinae,
1120 2445 1722 2494 anourenrsconacsuneccnsrarrcen·

395 2538 565 2625 gravitatis,
590 2535 799 2622 prudentiae,
826 2557 948 2602 morum
974 2537 1031 2602 ho·
1084 2553 1242 2600 oenones.
1261 2534 1292 2601 in
1315 2537 1455 2622 partibus
1473 2535 1651 2602 infidelium
1668 2557 1723 2602 va-

395 2643 534 2719 nestatis,
559 2661 731 2728 rerumque
749 2661 805 2707 usu
823 2640 1030 2726 praestantiae
1084 2659 1151 2704 can.
1179 2660 1237 2726 per·
1259 2643 1501 2730 assignationem
1518 2641 1612 2707 'lituli
1630 2646 1724 2710 Pres·
1815 2667 1816 2674 ¹

395 2749 583 2836 specimina,
1085 2747 1230 2832 hyteralis
1254 2751 1286 2813 S.
1307 2749 1388 2813 Petri
1406 2747 1444 2813 ud
1461 2748 1591 2813 Vincula
1609 2746 1722 2814 lectum

462 2859 648 2926 Surrentum
674 2859 781 2925 civitas
797 2857 957 2925 districtus
975 2859 1031 2922 (la-
1085 2857 1163 2918 Etim
1180 2875 1213 2918 ac
1233 2857 1311 2919 Erico
1329 2853 1461 2920 Domino
1478 2854 1582 2919 loanni
1600 2857 1720 2922 S.R.E.

394 2965 545 3030 strimaris
570 2967 599 3032 in
624 2985 699 3054 agro
716 2965 921 3051 Neapolitano
936 2967 1030 3050 plano
1086 2960 1239 3027 cardinali
1254 2962 1405 3027 simeoni:
1419 2959 1723 3027 sanctissimusene-

396 3069 427 3136 in
452 3070 521 3135 loco
545 3071 732 3146 aedificate,
759 3070 790 3136 in
814 3089 871 3134 suo
895 3069 1032 3155 duplicis
1085 3067 1130 3130 nit
1153 3065 1190 3130 ad
1208 3065 1353 3129 eamdem
1372 3065 1541 3130 Ecclesiam
1564 3067 1599 3129 R.
1617 3067 1651 3130 P.
1669 3069 1719 3128 Er.

397 3177 462 3241 lere
488 3176 622 3241 milliarii
648 3175 766 3240 ambitu
792 3197 851 3242 arna
869 3197 940 3242 cum
957 3175 1031 3242 sub-
1085 3169 1287 3236 Vincentium
1300 3171 1439 3234 Leonem
1449 3169 1723 3257 Salluaexlegiti·

397 3285 492 3347 urlriis
517 3287 596 3348 ultra
619 3294 742 3368 septem
778 3283 866 3349 mille
889 3285 1032 3351 continet
1084 3279 1154 3352 mis.
1170 3277 1340 3354 ssfllh⁰fill⁸2
1356 3275 1560 3362 mellisque
1578 3274 1722 3362 palemi-

397 3389 524 3456 iucolas.
1084 3385 1142 3450 hus
1159 3385 1191 3448 in
1203 3384 1272 3448 loco
1285 3382 1407 3450 deresii
1425 3383 1529 3448 Pontis
1537 3381 1721 3447 dioeceseos

463 3497 698 3582 hletropolitana
716 3497 851 3562 Ecclesia
871 3497 926 3563 SS.
950 3501 1031 3586 hpo-
1087 3487 1722 3580 ilentisllegalisinPedemonteprogcni·

394 3606 548 3669 stolorum
581 3601 716 3686 Philippi
743 3613 776 3667 et
798 3605 901 3669 iacobi
940 3605 1031 3670 tuulo
1087 3609 1152 3663 tum
1167 3610 1199 3662 et
1212 3599 1242 3662 in
1255 3598 1449 3681 sexagesimo
1460 3592 1601 3658 secundo
1613 3592 1721 3656 aetatis

395 3709 559 3796 gloriatur,
574 3709 691 3776 henum
705 3708 1031 3794 praelectaeclilicium
1084 3723 1157 3793 suae
1171 3721 1252 3767 anno
1270 3699 1487 3766 constitutum.
1498 3701 1581 3763 lnter
1595 3694 1720 3761 sodales

396 3834 505 3881 recens
519 3817 833 3900 instauratumeique
847 3835 927 3879 tinus
943 3815 1031 3880 dum·
1085 3806 1499 3876 tlrdinisPraedicatorumS
1522 3803 1673 3870 Dominici
1684 3802 1723 3866 ab

396 3935 477 3990 taxat
499 3924 687 4011 suffragatur
710 3927 896 4010 Episcopus.
1085 3908 1722 3997 adolescentiacooptatus,ibiquesolem·

459 4032 604 4116 Quinque
623 4030 802 4118 dignitates,
813 4049 943 4114 quarum
964 4037 1032 4114 pos'.
1086 4027 1133 4088 nia
1149 4033 1218 4086 vota
1234 4027 1443 4102 nuncupatus,
1460 4036 1495 4081 ac
1509 4026 1576 4080 tum
1589 4015 1723 4101 preshy-

396 4135 607 4220 pontilmalem
633 4137 733 4220 prima
756 4135 1031 4201 hrchidiaconatns
1087 4138 1203 4194 ceratus
1228 4125 1363 4198 ordine,
1392 4135 1457 4186 tum
1482 4120 1662 4186 doctoratus
1686 4136 1721 4181 ac

395 4244 590 4307 constituunt
614 4259 682 4306 ecus
717 4241 919 4324 Capitulum,
946 4237 1031 4322 quod
1084 4231 1254 4322 magisterii
1273 4223 1721 4312 laureasiveinphilosophia,

397 4347 548 4416 tredecim
589 4349 717 4414 insuper
745 4356 921 4413 enumerat
959 4363 1029 4408 cum
1084 4342 1151 4404 sive
1176 4338 1314 4403 insacra
1340 4335 1494 4422 theologia
1520 4330 1641 4398 dudum
1665 4329 1723 4394 do·
