3670 5222
329 185 392 257 ⁴⁶⁰
851 304 1138 410 ououurnu

332 455 495 512 veronen.
519 453 793 513 Beatlflcationis
815 459 850 512 et
873 455 1150 513 canonizationis
1179 457 1264 512 ven.
1301 455 1423 512 servae
1446 455 1508 511 Dei
1530 454 1658 510 sororia

444 549 668 617 magdalenae
689 549 959 606 Harohionissas
981 551 1025 605 de
1048 550 1199 604 canossa
1214 546 1446 604 Instituta-icis
1461 547 1626 606 Filiorum
1640 561 1660 602 a

446 641 633 699 charitate.

405 762 510 838 Nono
541 760 727 836 Kalendas
755 759 867 836 iulias
894 761 994 837 Anni
1027 759 1128 837 1870
1154 785 1268 862 quum
1287 760 1550 837 Sanctissimae
1581 761 1654 836 Do-

326 881 446 956 minus
475 882 612 958 Noster
640 878 756 960 PIUS
784 881 918 958 PAPA
947 880 1002 958 IX
1032 879 1190 980 benigne
1218 877 1394 959 annuerit
1422 885 1462 954 ut
1480 879 1524 956 de
1538 879 1660 955 Dubio

325 999 548 1102 Signaturae
567 998 844 1076 Commissiouis
864 999 1152 1078 introductionis
1171 999 1315 1078 Causae
1337 1003 1471 1076 Sorvae
1490 997 1559 1074 Dei
1576 999 1660 1076 Ma·

324 1118 502 1222 adaleuae
542 1118 833 1194 Marchionissae
874 1121 929 1196 De
972 1118 1137 1196 Canossa
1178 1119 1367 1222 praefatae
1409 1125 1581 1222 ageretur
1621 1120 1660 1196 in

324 1239 619 1342 Congregatioue
648 1238 843 1316 Sacrorum
875 1239 1029 1317 Rituum
1059 1238 1259 1318 Ordinaria
1288 1240 1425 1342 absque
1447 1241 1658 1318 interventu

323 1365 363 1436 et
392 1364 483 1434 voto
510 1357 772 1436 Consultorum
804 1358 889 1434 licet
917 1383 990 1436 non
1020 1359 1143 1462 elapso
1164 1361 1342 1436 decennio
1371 1361 1468 1436 artie
1489 1385 1661 1462 praesen-

324 1476 480 1554 tationis
509 1477 713 1555 Processus
741 1477 929 1554 Ortlinarii
959 1478 999 1556 in
1026 1480 1135 1556 Actis
1164 1480 1360 1558 Sacrorum
1384 1481 1541 1556 Rituum
1564 1479 1661 1556 Con·

326 1597 570 1702 gregationis,
603 1597 841 1698 Subscriptus
868 1598 1078 1677 Cardinalis
1106 1599 1216 1676 huius
1255 1599 1400 1678 Causae
1440 1601 1587 1676 Ponens
1615 1603 1660 1676 ad

328 1719 547 1796 instantiam
578 1718 788 1796 Reverendi
819 1721 942 1796 Patris
962 1719 1106 1820 losephi
1128 1720 1251 1796 Boero
1271 1721 1481 1796 Sacerdotis
1497 1717 1661 1796 Proiessi

326 1863 346 1914 e
373 1838 558 1915 Societate
585 1837 665 1913 lesu
694 1847 730 1914 el
750 1838 862 1916 huius
880 1838 1025 1916 Causae
1047 1840 1308 1930 Postulatoris,
1332 1841 1487 1916 attentis
1509 1841 1662 1918 Litteris

237 1993 238 1998 ¹
328 1958 591 2036 postulatoriis
612 1955 770 2059 plurium
793 1945 954 2035 virorum
986 1961 1246 2038 Ecclesiastico
1274 1964 1312 2036 et
1339 1961 1448 2041 Civili
1471 1962 1661 2062 Dignitate

329 2077 556 2168 illustrium,
589 2079 627 2154 in
655 2077 863 2155 Ordinariis
891 2079 1086 2156 Sacrorum
1119 2083 1278 2159 Ritunm
1310 2081 1482 2160 Oculitiis
1509 2083 1555 2157 ad
1586 2081 1663 2156 Va·

325 2199 491 2274 ticenum
521 2198 702 2274 hodierna
729 2199 786 2273 die
815 2197 1029 2278 coadunatis
1057 2225 1217 2302 sequeus
1258 2201 1417 2276 Dubium
1455 2199 1656 2276 discutien-

326 2321 410 2395 dum
440 2317 641 2419 proposuit,
666 2315 841 2394 nimirum
867 2347 885 2390 α
912 2321 972 2396 Αη
990 2325 1043 2396 sit
1062 2321 1261 2418 sz'qnaado
1287 2319 1515 2397 Commissz'o
1535 2319 1662 2396 latro·

326 2441 521 2514 decianas
568 2439 689 2514 tuias
736 2435 885 2514 Causae
933 2447 973 2513 z'o
1020 2467 1112 2516 caso
1154 2451 1190 2515 et
1230 2442 1281 2516 ad
1311 2442 1485 2542 effectum
1522 2439 1664 2540 dequo

327 2561 505 2662 coitur?
536 2589 554 2630 s

407 2679 456 2755 ut
484 2679 597 2758 Sacra
623 2680 749 2756 eadem
792 2679 1043 2782 Oougregatio
1079 2681 1251 2757 omnibus
1299 2684 1445 2756 maturo
1492 2679 1665 2756 exainiue

329 2799 532 2902 perpensiS,
554 2800 754 2898 auditoque
783 2825 871 2876 voce
900 2807 938 2875 et
965 2801 1102 2902 scripto
1129 2801 1179 2877 R.
1213 2802 1260 2877 P.
1292 2801 1338 2876 D.
1363 2798 1562 2876 Laurentio
1582 2797 1664 2874 Sal-

326 2922 404 2996 vati
434 2921 591 2998 Sanctae
620 2920 723 2995 Fidei
752 2922 970 2996 Promotore
999 2921 1270 3010 rescribentium
1301 2923 1458 2996 censuit:
1482 2918 1664 3019 Affirma-

327 3048 401 3116 tt'vr
427 3067 494 3116 sen
530 3042 771 3142 siquando-m
813 3065 893 3118 esse
933 3040 1282 3124 Commta-sionem,
1326 3045 1364 3116 si
1411 3040 1664 3116 Sanctissimae

323 3163 531 3266 placuerit.
563 3159 632 3236 Die
662 3159 687 3236 3
715 3157 909 3234 Februarii
944 3157 1058 3237 1877.
1190 3156 1192 3160 ’

408 3280 522 3355 Facta
550 3279 778 3380 postmodum
801 3279 852 3355 'de
879 3277 1092 3380 praemissis
1121 3278 1362 3356 Sanctissimo
1391 3277 1550 3356 Domino
1590 3277 1664 3353 Nc·

326 3405 404 3476 stro
431 3395 514 3476 1210
542 3397 713 3476 PAPAE
756 3399 808 3475 lX
854 3423 922 3499 per
962 3397 1237 3499 infrascriptum
1282 3399 1528 3474 Secretarium
1566 3395 1664 3470 fideli

327 3519 532 3604 relatione,
573 3517 760 3594 Sanctitas
789 3519 864 3596 Sua
909 3518 1142 3596 Sententiam
1179 3515 1315 3594 Sacrae
1352 3514 1665 3619 congregationis

326 3645 445 3715 ratam
462 3638 593 3715 habuit
610 3645 648 3712 et
665 3637 911 3714 confirmavit:
936 3639 1153 3738 propriaque
1171 3661 1281 3715 manu
1302 3637 1464 3736 signavit
1482 3634 1665 3714 Ooiiimis-

327 3757 465 3834 siouem
496 3757 780 3834 Introductionis
816 3757 960 3836 oausae
992 3759 1087 3833 Ven.
1119 3758 1257 3838 Sorvae
1304 3757 1371 3836 Dei
1419 3753 1664 3859 :llagdalenae

326 3877 620 3959 Marchiouissae
648 3877 703 3954 De
731 3879 896 3958 Ganossa
926 3877 1126 3976 praefatae.

541 3997 612 4074 Die
644 3997 691 4073 15
719 3997 846 4074 iisdem
880 4000 1006 4073 llense
1034 4001 1073 4074 et
1102 4007 1236 4076 Anno.

696 4119 774 4196 AL.
808 4117 963 4196 Epist).
996 4119 1211 4197 SaBlNuN
1239 4119 1395 4197 CARI).
1430 4114 1559 4195 BILIO

914 4244 953 4322 S.
989 4247 1035 4323 R.
1068 4245 1111 4323 O.
1145 4243 1293 4322 Pauor.

407 4369 526 4448 Locus
560 4371 606 4468 ᾖ
637 4365 743 4470 Signi

883 4486 993 4564 Piae.
1026 4485 1136 4565 Rulli
1167 4489 1207 4564 S.
1243 4487 1292 4566 R.
1331 4485 1372 4565 C.
1417 4489 1662 4568 Secretore'us
