3622 5232
663 245 858 293 :laceramus
1373 225 1416 292 85

111 347 290 446 pretaumr,
322 345 413 445 quia
440 341 652 446 stipulatum
676 343 832 420 liberum
852 342 922 420 fuit
950 345 1063 429 verba
1105 343 1178 420 late
1207 341 1416 446 concipere.

111 462 198 550 Quae
224 465 471 566 praesumptio
500 466 619 540 maius
660 463 701 540 in
738 463 901 541 themate
947 461 1131 540 fulchrum
1179 464 1339 566 acquirit
1387 459 1419 544 si

109 607 183 686 prae
196 582 306 660 oculis
319 585 503 662 habeatur
521 585 615 685 quod
636 585 793 660 testator
812 583 936 660 verbis
954 584 1052 661 haud
1075 585 1253 686 pepercit,
1271 584 1418 686 qnando

108 702 215 805 aliquo
240 728 351 781 onere
378 705 555 781 haeredes
583 729 668 780 suos
697 701 894 780 obstrictos
922 704 1061 796 voluit,
1093 710 1135 780 ut
1163 707 1202 782 in
1238 707 1308 783 hoc
1335 705 1417 807 ipso

106 825 335 902 instrumento
361 825 490 902 videre
517 830 587 902 est.
610 825 709 902 Hine
735 829 866 901 notum
895 823 932 902 in
951 827 1033 903 iure
1052 826 1273 930 principium
1295 827 1416 930 aptarl

105 967 198 1044 posse
226 945 404 1022 videtur:
435 947 539 1048 quod
565 947 687 1020 coluit
714 951 904 1046 expressit
923 975 939 1036 ,·
967 949 1071 1050 quod
1095 947 1225 1023 noluo
1253 972 1332 1024 nou
1352 971 1420 1024 eco-

105 1071 243 1164 prcssr't.
276 1063 400 1154 Quare
428 1065 655 1142 institutoris
683 1064 874 1142 voluntate
903 1067 999 1144 bona
1026 1066 1264 1170 capellaniae
1292 1094 1314 1142 a
1341 1069 1417 1146 Gu-

110 1183 217 1258 lernio
244 1185 372 1262 Italico
401 1183 560 1262 abolitae
586 1211 610 1262 a
637 1185 801 1287 quolibet
830 1187 1028 1263 blissarum
1058 1211 1169 1264 onere
1201 1187 1327 1264 libera
1372 1189 1417 1265 ad

108 1299 287 1380 haeredem
314 1329 463 1382 reversa
490 1329 572 1382 esse
600 1307 637 1382 iu
665 1307 817 1384 dubium
846 1305 943 1383 haud
973 1308 1138 1384 revocari
1172 1331 1278 1410 posse
1319 1309 1418 1386 vide·

106 1430 165 1511 tur,
195 1423 351 1525 ideoque
378 1427 422 1502 de
449 1423 510 1502 his
538 1424 736 1504 haeredem
765 1451 831 1529 pro
858 1427 978 1504 lubitu
1005 1451 1072 1504 suo
1100 1428 1293 1528 disponere
1311 1453 1418 1532 posse

103 1566 197 1619 nemo
223 1545 369 1622 inficias
398 1545 478 1622 ibit.

173 1663 281 1742 Haud
301 1665 423 1741 minus
438 1663 564 1742 favere
584 1667 729 1744 videtur
747 1667 894 1744 haeredi
917 1668 974 1742 ius
994 1691 1207 1746 cummune:
1225 1692 1289 1770 per
1306 1667 1419 1746 huius

99 1783 187 1858 euim
215 1783 494 1886 dispositionem
523 1786 566 1861 fit
594 1788 687 1888 quod
719 1795 853 1863 natura
881 1787 1078 1864 cuiuslibet
1105 1795 1223 1878 actus,
1246 1787 1311 1890 qui
1351 1789 1420 1864 sub

98 1905 301 1982 conditione
329 1904 531 1982 resolutiva
567 1907 807 1984 constituitur
843 1907 1019 1985 eiusmodi
1048 1909 1117 1998 sit,
1150 1911 1191 1985 ut
1237 1909 1420 1984 existente

96 2025 317 2116 conditione,
350 2025 417 2100 sub
445 2049 519 2126 qua
546 2027 770 2103 constitutus
798 2025 881 2117 fuit.
917 2027 1013 2106 illioo
1040 2033 1261 2122 evanescat,
1294 2033 1331 2104 et
1360 2051 1421 2104 res

95 2142 128 2218 in
159 2143 356 2243 pristinum
386 2153 525 2222 statum
555 2152 803 2224 revertantur.
837 2149 906 2224 llst
932 2147 1106 2226 fundator
1132 2173 1246 2252 quum
1290 2153 1419 2227 contu·

92 2263 173 2340 lerit
204 2267 298 2341 bona
325 2290 421 2366 quae
449 2265 562 2342 libera
588 2271 698 2344 erant
725 2269 770 2345 ad
798 2270 1051 2370 Capellauiam
1072 2272 1268 2346 dotandam
1291 2293 1335 2346 ea
1354 2269 1422 2344 sub

91 2385 302 2463 conditione
331 2395 372 2461 ut
399 2386 431 2461 si
458 2388 557 2464 dicta
583 2388 802 2490 (lapellania
821 2393 1126 2490 supprimeretur,
1148 2399 1226 2466 tum
1254 2413 1321 2490 per
1354 2411 1422 2488 pu·

91 2507 223 2583 blicam
253 2505 544 2606 dispositionem,
567 2511 645 2584 tum
676 2532 741 2610 per
768 2509 996 2610 privatorum
1018 2535 1187 2612 operam,
1205 2509 1303 2585 bona
1322 2507 1422 2583 redi-

88 2635 171 2702 rent
200 2627 241 2702 in
270 2631 387 2702 totam
416 2627 680 2728 proprietatem
709 2628 907 2706 haeredum
946 2634 984 2704 et
1021 2653 1274 2706 successorum
1313 2627 1422 2704 iusti·

86 2748 241 2841 tutoris,
274 2749 407 2848 sponte
434 2771 503 2824 sua
531 2747 613 2823 fluit
640 2751 735 2849 quod
766 2749 962 2850 purificata
988 2749 1261 2851 suppressiouis
1303 2747 1422 2823 condi·

86 2870 192 2944 tione
221 2869 318 2945 hona
346 2866 475 2958 libera,
508 2872 551 2944 ut
578 2877 664 2943 ante
692 2867 928 2969 Oapellaniae
967 2869 1235 2960 fundationem,
1286 2866 1421 2942 reverti

86 2990 249 3064 debeant
290 2989 335 3063 ad
376 2988 584 3064 haeredem.
616 2987 744 3090 ltaque
773 3014 886 3091 quum
916 2973 1084 3066 constare
1127 2990 1297 3066 videatur
1323 2988 1421 3088 quod

85 3107 271 3185 eiusmodi
300 3109 397 3183 bona
425 3110 471 3184 ad
508 3107 698 3185 haeredem
743 3111 880 3211 absque
919 3109 995 3187 ullo
1038 3107 1186 3187 vinculo
1229 3107 1423 3210 pervenire

87 3231 263 3317 debeant,
297 3233 401 3329 patet
425 3229 543 3304 eidem
570 3229 824 3306 omnimodam
852 3255 975 3306 rerum
1012 3253 1161 3306 suarum
1210 3225 1422 3303 hrcnltatern

85 3353 235 3439 inesse,
268 3349 376 3449 eique
404 3346 515 3424 licere
541 3347 585 3423 de
613 3349 722 3422 rebus
751 3350 829 3424 suis
856 3373 922 3450 pro
951 3348 1059 3425 libito
1095 3349 1302 3450 disponere.
1326 3345 1423 3424 Gon·

87 3475 221 3570 ceptus
239 3468 339 3543 euim
359 3467 594 3568 proprietatis
613 3493 678 3543 seu
696 3468 847 3544 dominii
864 3469 1060 3546 seeuml'ert
1082 3470 1121 3544 in
1140 3467 1286 3544 domino
1306 3465 1423 3542 facul·

86 3598 223 3680 tatem,
253 3612 526 3688 quamcumque
554 3586 657 3663 fundi
686 3587 744 3662 sni
774 3593 930 3688 partem.
954 3590 1086 3689 cuique
1106 3586 1264 3662 voluerit
1291 3586 1423 3661 diven-

87 3709 220 3788 dendi.
251 3709 349 3812 Lep.
381 3709 532 3810 dullum
564 3706 653 3782 Cod.
686 3707 732 3783 de
761 3717 886 3790 corate,
916 3719 1029 3811 ampl.
1054 3709 1156 3786 Rota
1184 3706 1311 3783 Deets.
1334 3705 1425 3786 270

84 3857 129 3934 p.
163 3827 212 3915 3,
241 3827 304 3909 22
333 3827 472 3904 Maras
501 3825 618 3904 1819
648 3851 779 3902 rorum
813 3827 953 3904 liberi.

175 3949 411 4048 Proindeque
439 3971 486 4023 ex
515 3947 711 4048 praeiaotis
739 3947 905 4024 concludi
935 3971 1042 4050 posse
1070 3948 1216 4025 videtur
1258 3949 1424 4050 (lapella-

88 4073 180 4152 niae
207 4069 306 4146 bona
334 4069 379 4144 ad
407 4065 611 4169 praefatum
640 4066 833 4144 haeredem
864 4091 885 4141 a
912 4068 1044 4169 quovis
1081 4069 1280 4144 Missurum
1313 4093 1425 4144 onere

89 4190 279 4272 immunia
306 4189 492 4290 pertinere
515 4245 523 4277 ,
556 4210 672 4287 eaque
701 4186 761 4261 vel
779 4185 817 4264 iu
837 4191 917 4264 toto
935 4186 993 4264 vel
1023 4185 1059 4262 in
1096 4195 1199 4289 parte
1228 4185 1423 4265 haeredem

90 4315 260 4392 alienare
293 4333 434 4410 posse,
465 4307 555 4409 quin
591 4305 671 4384 sive
708 4305 813 4407 ipse,
847 4307 926 4382 sive
965 4311 1109 4408 emptor
1144 4310 1190 4385 ad
1225 4309 1423 4384 blissarum

88 4428 387 4512 satisfactionem
417 4431 629 4505 teneantur.

170 4551 228 4629 En
256 4573 354 4635 auus
382 4571 530 4626 corruas
560 4571 766 4624 suannueu
794 4569 939 4622 escaus.
958 4569 1163 4624 VIDENTUR.
1185 4550 1358 4624 Attanum
1383 4573 1424 4622 ex
