3674 5210
687 227 826 274 arrarum
852 227 1014 273 aucrcuca
1482 207 1525 274 27

196 322 399 427 cognoscis,
432 323 472 402 in
500 325 715 400 memoratis
742 322 875 398 litteris
904 323 1136 424 patriarchae
1164 323 1327 404 Sulakae
1368 322 1526 402 faculta-

196 451 268 519 tem
299 444 480 520 concessit
514 441 755 519 confirmandi
795 442 1050 544 cpiscoporum
1078 446 1116 518 et
1161 443 1522 546 archiepiscoporum

194 567 263 669 ipsi
291 568 374 645 iure
400 592 466 644 suo
494 567 731 669 patriarchali
761 567 990 642 subditorum
1007 565 1218 660 electiones,
1256 567 1328 646 rite
1356 571 1394 646 et
1422 572 1525 646 recte

193 690 312 769 factas
338 693 538 768 secundum
568 693 761 779 Romanae
789 690 973 767 Ecclesiae
1001 690 1114 768 ritum
1144 698 1180 768 et
1209 715 1359 782 morem,
1394 717 1437 770 ac
1468 683 1523 770 eis

191 810 245 888 sic
274 812 402 889 electis
431 813 609 912 episcopis
637 817 675 888 et
702 810 1021 912 archiepiscopis,
1055 811 1247 913 postquam
1278 837 1405 888 eorum
1444 812 1526 888 ele-

190 935 334 1011 ctiones
379 934 617 1011 confirmatae
661 933 845 1025 tuissent,
884 957 1016 1010 munus
1053 936 1344 1011 consecrationis
1381 937 1527 1036 impen-

190 1054 300 1130 dendi
328 1053 450 1130 ‘iuxta
495 1054 606 1129 ritum
653 1056 691 1130 et
738 1078 872 1130 morem
902 1055 1130 1154 praedictoS,
1164 1060 1314 1155 recepto
1347 1056 1448 1156 prius
1479 1056 1524 1130 ab

189 1177 259 1266 cis,
283 1174 448 1254 Romani
476 1173 668 1252 Pontifiois
704 1180 741 1251 et
773 1175 872 1252 dicta
907 1174 1096 1250 Romanae
1130 1173 1318 1250 Ecclesiae
1357 1175 1520 1268 nornine,

189 1296 381 1373 fidelitatis
396 1296 538 1372 debitae
553 1294 662 1372 solito
677 1295 900 1372 iuramento.
926 1296 1063 1371 Verum
1084 1296 1378 1372 animadvertere
1395 1295 1518 1388 debes,

189 1421 234 1492 ut
261 1419 365 1518 patet
392 1416 523 1518 cuique
550 1439 612 1492 eas
637 1415 782 1492 litteras
809 1415 963 1516 legenti,
987 1414 1081 1491 nihil
1110 1417 1228 1515 ipsum
1258 1414 1427 1490 sanxisse
1459 1415 1524 1490 aut

189 1538 442 1626 constituisse,
474 1539 596 1638 quoad
623 1537 702 1614 loca
730 1537 773 1612 ad
801 1560 894 1637 qnae
924 1535 1210 1636 patriarchicum
1249 1536 1305 1610 ius
1333 1535 1423 1613 illud
1452 1535 1522 1612 Su-

189 1657 301 1734 lakae
328 1655 478 1734 extendi
506 1657 681 1732 deberet:
713 1679 979 1754 concessasque
1007 1655 1204 1755 potestatis
1223 1678 1329 1730 usum
1353 1677 1524 1755 expresse

189 1776 424 1852 interdixisse
450 1777 509 1853 his
535 1778 574 1852 in
604 1776 706 1868 locis,
730 1775 770 1851 in
797 1775 928 1877 quibus
960 1773 1147 1876 praesules
1176 1800 1197 1850 a
1226 1777 1397 1854 Romano
1418 1777 1521 1853 Pon-

189 1897 292 1972 titlce
317 1896 579 1973 instituuntur.
611 1896 846 1998 Quapropter
883 1895 934 1971 nil
971 1895 1038 1970 tihi
1076 1895 1329 1994 suffragantur
1374 1895 1520 1973 litterae

191 2015 277 2092 illae
303 2017 350 2093 ad
376 2017 667 2118 protendendam
697 2017 989 2093 iurisdictionem
1020 2021 1123 2091 tuam
1152 2025 1261 2092 extra
1279 2015 1371 2092 fines
1388 2017 1523 2118 quibus

189 2135 229 2209 in
259 2136 467 2235 praesentia
496 2134 735 2229 continetnr3
764 2140 803 2212 et
831 2135 982 2212 ausibus
1011 2135 1085 2210 tuis
1105 2139 1231 2236 aperte
1264 2135 1524 2213 contradicunt

189 2255 314 2353 quoad
343 2254 601 2347 Malahariam,
635 2254 696 2332 ubi
727 2253 912 2357 praesules
940 2280 963 2331 a
992 2255 1166 2332 Romano
1198 2254 1379 2332 Pontifice
1421 2256 1524 2332 insti·

188 2376 363 2460 tuantur,
395 2396 439 2446 ex
469 2396 542 2472 quo
570 2359 777 2448 Christiani
806 2372 875 2466 illi,
906 2373 1051 2450 eiurata
1079 2373 1117 2448 in
1146 2373 1286 2473 synodo
1316 2375 1525 2474 Diamperi-

186 2495 282 2566 tana
309 2513 407 2565 anno
435 2489 632 2568 MDXCIX
660 2492 806 2569 haeresi
837 2492 1071 2582 Nestoriana‚
1105 2491 1308 2569 catholicae
1337 2491 1523 2570 Ecclesiae

187 2612 385 2712 aggregati
415 2614 517 2688 sunt.
547 2611 591 2687 ln
619 2636 693 2712 qua
721 2615 861 2716 synodo
888 2608 958 2713 ipsi
986 2610 1193 2688 formaliter
1221 2614 1519 2714 spoponderunt,

186 2743 228 2803 et
258 2729 442 2822 iurarunt,
466 2730 608 2807 nullum
628 2755 791 2832 unquam
810 2731 1037 2833 episcopum,
1056 2731 1386 2832 archiepiscopum,
1410 2757 1522 2832 prae-

186 2849 337 2942 latum,
366 2854 556 2951 pastorem
596 2849 652 2926 vel
689 2854 973 2953 gubernatorem
1002 2875 1042 2926 se
1083 2851 1340 2945 admissuros,
1381 2865 1525 2952 praetor

187 2968 294 3044 illum
322 2970 386 3070 qui
416 2993 439 3043 a
466 2972 598 3046 sancta
626 2970 720 3047 Sede
749 2969 963 3070 Apostolica
990 2991 1055 3070 per
1101 2967 1242 3072 Papam
1287 2975 1325 3046 et
1366 2970 1523 3046 Pontifi-

188 3109 269 3160 cem
298 3085 511 3165 Romanum
541 3085 639 3163 foret
673 3087 887 3162 immediate
928 3086 1164 3164 constitutus.
1203 3088 1307 3175 Quod
1353 3088 1523 3166 Clemen-

187 3209 242 3283 tis
270 3207 356 3283 Vlll
383 3233 426 3284 ac
453 3206 563 3284 Pauli
610 3209 645 3283 V
681 3213 1003 3309 praedecessorum
1038 3209 1258 3286 Nostrorum
1302 3209 1524 3285 auctoritate

189 3327 374 3402 sancitum
402 3331 440 3403 et
468 3325 739 3420 confirmatum,
764 3328 810 3404 ad
838 3327 936 3404 hanc
953 3350 1068 3427 usque
1088 3325 1187 3402 diem
1206 3328 1426 3404 servandum
1448 3329 1518 3400 est.

273 3445 450 3538 »Habea
486 3446 582 3522 Ven.
614 3445 762 3539 Frater,
798 3445 836 3522 in
864 3446 935 3523 hac
971 3445 1170 3520 monitoria
1211 3445 1366 3546 epistola
1412 3469 1524 3545 argu-

189 3569 355 3639 mentum
385 3563 583 3664 siugularis
612 3565 770 3641 Nostrae
798 3569 952 3666 ergata
986 3563 1282 3664 longanimitatis
1320 3568 1359 3639 et
1404 3562 1524 3640 chari-

189 3686 308 3776 tatis;
337 3710 413 3786 qua
439 3689 595 3788 urgente
633 3686 847 3762 curavimus
884 3684 1176 3785 sophismatum,
1210 3687 1343 3786 quibus
1385 3685 1523 3784 decipe·

190 3805 256 3895 ris,
287 3805 509 3882 inanitatem
536 3808 740 3897 ostendere,
764 3811 873 3908 teque
902 3807 945 3892 ad
975 3806 1138 3883 salubria
1156 3806 1311 3882 consilia
1331 3829 1520 3895 revocare;

190 3927 384 4026 sperantes
411 3925 489 4001 fore
518 3928 559 4002 nt
586 3924 792 4026 opitulante
823 3926 889 4000 Dei
918 3927 1042 4026 gratia
1070 3950 1194 4002 vocem
1231 3928 1400 4002 Nostram
1440 3929 1524 3999 tan-

190 4046 270 4119 dem
298 4042 497 4145 aliquando
524 4044 676 4121 audiens
696 4044 901 4144 resipiscas
925 4050 1034 4146 teque
1053 4049 1092 4120 et
1115 4045 1288 4121 ecclesias
1310 4043 1403 4119 ritus
1422 4040 1525 4118 chal·
1639 4041 1643 4046 ’

190 4164 284 4240 daici
311 4164 383 4241 tibi
409 4163 640 4242 concreditas
660 4166 706 4240 ab
725 4164 932 4240 imminenti
955 4165 1166 4240 schismatis
1182 4163 1345 4264 periculo
1365 4163 1519 4262 eripias

190 4283 423 4387 Quapropter
449 4283 672 4360 auctoritate
702 4284 839 4359 Nostra
866 4283 1090 4383 apostolica,
1124 4284 1161 4358 in
1202 4282 1340 4358 virtute
1369 4287 1519 4358 sanctae

189 4404 416 4490 obedientiae
443 4409 484 4479 et
516 4405 584 4478 sub
622 4404 928 4478 interminatione
969 4403 1086 4478 divini
1134 4401 1287 4492 indicii,
1319 4402 1386 4477 tibi
1419 4403 1516 4477 Ven.

193 4522 320 4599 Frater
348 4523 514 4602 districte
541 4522 810 4622 praecipimus,
842 4528 883 4597 ut
912 4522 1133 4624 Episcopum
1163 4521 1283 4597 Ellam
1316 4521 1451 4596 llellus
1481 4529 1519 4596 et
