3622 5240
331 231 374 299 ll
670 225 673 234 ⁴
946 259 1055 308 cussus

330 349 445 442 vivat,
460 351 601 428 solutus
630 377 651 427 a
678 352 801 432 debito
821 367 1026 445 censeatur,
1050 357 1081 434 si
1102 383 1191 437 vero
1209 362 1320 437 antea
1339 359 1416 438 virs
1435 362 1655 458 excesserit,

331 472 520 547 absolutus
549 473 743 550 habeatur.
1314 475 1318 484 ’

410 591 521 668 Hisce
560 593 716 695 aliisque
758 597 985 696 praenotatis
1029 599 1108 677 utu.
1139 599 1393 678 Oardinalium
1437 601 1657 702 prudentiae

330 712 525 789 remissum
556 714 627 790 fuit
655 716 853 792 decernere
882 742 1039 818 quonam
1072 743 1244 819 responso
1271 719 1511 796 dimittendae
1529 728 1656 795 essent

330 831 488 906 oratoris
517 857 655 934 preces.

411 955 637 1032 Rusonurrc.
673 955 788 1034 Sacra
815 957 859 1036 O.
891 956 1029 1060 Gongr.
1061 959 1120 1035 die
1148 957 1171 1030 5
1201 959 1360 1060 Augusti
1405 958 1506 1038 1876
1548 964 1661 1039 causa

329 1072 491 1173 cognita
526 1077 742 1176 respondere
769 1077 927 1154 censuit:

416 1192 584 1272 Consum
611 1195 793 1274 Pronum
829 1202 959 1296 fuisso
998 1203 1163 1279 nullitor
1205 1209 1443 1277 contractum
1478 1209 1512 1274 et
1536 1199 1661 1304 *notit

329 1314 502 1400 obstare,
532 1322 743 1416 quominus
780 1318 949 1396 debiturn
978 1329 1234 1424 colloquatur
1254 1345 1330 1423 per
1356 1322 1566 1398 solutiones
1593 1343 1663 1394 ro-

330 1444 464 1510 tarum
491 1435 739 1510 annualium.

410 1549 470 1628 Ex
496 1577 624 1639 oureus
652 1576 840 1632 couniens:
871 1558 899 1634 l.
925 1557 981 1634 Ad
1007 1583 1157 1637 censum
1189 1558 1389 1634 ineundum
1408 1558 1516 1634 iuxta
1535 1582 1662 1634 sacros

331 1695 489 1748 canones
525 1673 650 1750 varias
678 1697 896 1752 concurrere
938 1679 1069 1755 debere
1101 1677 1353 1772 conditiones,
1384 1678 1518 1780 quibus
1546 1680 1589 1754 fit
1619 1686 1664 1754 ut

331 1813 462 1866 census
481 1791 528 1866 ab
546 1790 705 1867 avaritia
726 1792 901 1869 immunis
920 1797 1097 1873 reddatur
1115 1803 1153 1871 et
1170 1795 1294 1872 licitus
1306 1795 1499 1896 iustusque
1508 1797 1658 1873 evadat.

414 1911 456 1986 ll.
489 1911 591 1987 luter
618 1911 687 1987 has
714 1913 944 1988 conditiones
976 1915 1143 2017 apprime
1184 1915 1368 1992 recenseri
1409 1925 1662 1992 numeratam

329 2036 557 2130 proamitae,-
587 2035 628 2106 ut
655 2055 785 2133 nempe
822 2033 979 2132 pecunia
1012 2040 1227 2111 numeretur
1267 2058 1391 2111 coram
1431 2034 1585 2112 testibus
1624 2045 1663 2112 et

332 2143 476 2228 notario
504 2151 542 2228 in
571 2159 657 2231 actu
687 2155 944 2232 celebrationis
974 2159 1224 2236 instrumenti.
1553 2261 1554 2264 Ἴ

412 2269 473 2346 lll.
504 2272 736 2374 Quapropter
763 2298 808 2348 ex
839 2275 956 2375 pretio
985 2280 1096 2352 antea
1124 2283 1284 2378 receptu,
1315 2276 1484 2378 quamvis
1512 2276 1665 2380 integro

336 2391 519 2489 iustoque,
553 2390 706 2467 uulliter
735 2394 911 2468 constitui
940 2419 1101 2486 censum,
1134 2396 1223 2494 quia
1255 2421 1300 2471 ex
1330 2395 1449 2471 Plana
1476 2399 1665 2475 constitu-

331 2511 434 2583 tione
463 2510 688 2610 antioipatae
715 2512 824 2610 pretii
854 2511 1055 2588 solutiones
1083 2513 1180 2588 haud
1207 2513 1288 2590 fieri
1316 2514 1521 2614 patiuntur.

412 2627 479 2703 IV.
512 2632 553 2706 ln
583 2631 745 2704 themate
774 2628 933 2706 defuisse
962 2630 1204 2706 conditionem
1235 2637 1449 2708 numeratae
1478 2633 1660 2732 pecuniae

333 2775 454 2825 coram
485 2753 641 2826 testibus
669 2755 706 2825 et
735 2750 879 2825 notario
908 2749 1015 2827 facile
1044 2757 1146 2851 patet
1171 2775 1217 2825 ex
1245 2751 1371 2842 dictis;
1402 2752 1555 2853 ideoque
1575 2777 1665 2830 ceu-

331 2893 412 2944 sum
443 2868 625 2946 eiusmodi
653 2868 796 2944 nullum
823 2866 937 2944 fuisse
969 2869 1255 2945 renunciandum
1285 2870 1415 2947 videri.

842 3017 1102 3170 urrunnu
1130 3082 1159 3158 1.

397 3249 426 3296 tlt
450 3249 506 3308 Qut
525 3249 674 3306 bocurtus
702 3249 738 3294 DE
764 3245 996 3294 cunnt'ttbtttutts
1017 3246 1057 3292 dl)
1083 3246 1197 3295 CENSU!
1223 3247 1317 3295 unctu
1341 3212 1594 3300 dousrt'tuuttnu!

377 3441 504 3508 Addere
541 3445 721 3529 putarimus
745 3460 810 3506 non
835 3461 901 3507 esse
919 3442 972 3507 abs
1025 3458 1096 3524 ooo.
1123 3438 1235 3524 capa
1259 3440 1294 3505 de
1316 3445 1468 3526 emptione
1496 3451 1527 3508 et
1554 3446 1668 3511 cendi-

331 3569 364 3615 re
402 3549 620 3636 disceptationi
661 3548 831 3635 praedatae
867 3547 971 3634 quoad
1026 3551 1128 3622 tione,
1156 3548 1196 3614 de
1220 3569 1332 3615 census
1355 3551 1589 3618 conditionibus
1620 3555 1668 3618 lo-

335 3673 479 3730 ccnsum,
507 3655 773 3720 constitutionem
789 3673 805 3716 a
822 3656 853 3719 S.
871 3655 924 3719 Pio
945 3658 970 3720 V
1025 3655 1115 3738 qunti
1135 3653 1270 3732 lucrint3
1295 3666 1397 3719 tamen
1415 3656 1455 3720 de
1471 3655 1582 3722 iisdem
1604 3657 1668 3722 dil-

332 3781 414 3827 anno
434 3764 518 3827 tout)
535 3761 665 3838 editam,
685 3771 717 3825 et
733 3763 821 3825 ouius
846 3762 970 3827 initium
1027 3759 1123 3824 [usius
1154 3759 1298 3845 loquitur
1329 3763 1362 3827 S.
1387 3761 1458 3826 Pius
1483 3762 1522 3828 V.
1539 3761 1597 3826 bac
1633 3763 1666 3828 in

333 3879 379 3932 est
399 3869 478 3932 Cum
495 3885 585 3932 onus.
607 3869 682 3932 Num
699 3869 754 3932 etsi
780 3869 927 3933 Martinus
945 3871 971 3934 V
1026 3864 1269 3930 Constitutione.

332 3989 353 4038 n
385 3993 439 4037 sua
464 3974 711 4048 Constitutione,
742 3991 822 4057 quae
857 3975 968 4060 incipit
1069 3976 1114 4036 Ex
1138 3971 1371 4037 conditionibus
1407 3972 1495 4048 istis,
1532 3973 1668 4041 cuilibet

329 4079 486 4162 Hepimint
514 4079 596 4144 edita
626 4099 675 4144 un.
703 4080 785 4143 tunt
812 4091 843 4144 et
868 4083 963 4145 relata
1019 4092 1129 4146 notum
1154 4090 1213 4156 est,
1232 4078 1309 4143 aliae
1332 4099 1348 4142 a
1374 4081 1441 4144 iure
1462 4089 1594 4144 naturae
1613 4101 1660 4145 rc

327 4185 360 4250 in
382 4187 606 4268 liotrooopuo.
626 4205 784 4252 commun.
803 4205 870 4270 cop.
892 4187 910 4250 1
930 4188 965 4254 do
1021 4187 1206 4271 quiruntur‚
1224 4184 1301 4249 aliae
1325 4204 1340 4248 a
1365 4186 1433 4249 iure
1457 4185 1611 4250 canonico
1630 4197 1667 4252 ut

327 4295 478 4374 emptione
490 4301 519 4355 ct
531 4291 722 4364 conditione
737 4301 768 4354 ct
782 4293 913 4357 calistus
927 4295 963 4358 ΙΙΙ
1021 4294 1118 4358 iustus
1135 4302 1230 4375 atque
1249 4291 1350 4354 licitus
1368 4309 1477 4356 census
1494 4290 1662 4358 habeatur.

328 4395 603 4463 inGonstitutione
615 4399 773 4480 Repimiut'
786 4417 867 4462 anno
881 4404 964 4464 ttae
1023 4401 1044 4462 t
1070 4397 1139 4462 iure
1163 4406 1292 4462 naturae
1310 4394 1483 4479 requiritur
1497 4405 1530 4460 ut
1548 4414 1666 4462 census

327 4501 410 4568 edita
434 4511 466 4567 et
491 4502 586 4568 relata
614 4503 951 4587 pariterindltotro
1020 4502 1173 4568 tundetur
1208 4501 1240 4566 in
1272 4519 1306 4564 re
1343 4499 1528 4576 fructifera,
1557 4515 1590 4566 ut
1615 4517 1666 4571 est
