3674 5210
471 299 781 387 SANOTlSSlMl
808 301 987 386 DOMlNl
1017 303 1201 387 NOSTRI

763 507 915 614 ΡΙΙ

274 725 647 807 DIVINA
696 724 1403 807 Pnovrnnmnra

574 926 939 1034 PAPAE
989 928 1108 1036 IX

627 1143 1047 1246 ALLOOUTIO

442 1377 580 1428 HABITA
608 1377 669 1430 DIE
697 1377 763 1430 Xll.
796 1377 928 1432 Manum
955 1376 1217 1432 MDGOCLXXVH.

334 1500 386 1558 AD
413 1501 444 1553 S.
477 1501 515 1552 R.
546 1501 582 1552 E.
616 1499 849 1556 cusmusnns
874 1503 915 1556 IN
941 1501 1097 1556 AEDIBUS
1124 1501 1334 1557 vunchNIS.

756 1697 924 1728 *-

531 1873 889 1954 VENERABILES
917 1875 1155 1976 FRATRES
1184 1926 1186 1932 ι

255 2084 454 2164 Luctuosis
482 2087 662 2187 exagitati
694 2087 817 2163 Nostri
846 2086 1095 2166 Pontificatus
1123 2088 1351 2190 temporibus
1371 2087 1511 2190 pluries

176 2211 343 2280 vestrum
372 2204 642 2306 amplissimum
677 2205 842 2282 ordinem
882 2206 920 2283 in
962 2206 1031 2284 has
1067 2209 1176 2282 aedes
1214 2206 1506 2298 advocavimus,

176 2350 222 2400 ea
250 2327 374 2400 mente
401 2327 445 2401 ut
471 2325 602 2426 gravia
631 2322 729 2402 mala
756 2325 853 2426 apud
881 2325 959 2402 Vos
986 2325 1263 2428 deploraremus
1289 2325 1422 2426 quibus
1438 2325 1511 2402 Ec·

176 2443 291 2521 clesia
318 2443 470 2546 indigne
498 2443 694 2546 affligitur,
713 2448 752 2522 et
779 2447 909 2524 contra
935 2470 980 2523 ea
1006 2471 1100 2548 quae
1127 2447 1206 2520 sive
1224 2445 1272 2520 in
1304 2444 1412 2521 ltalia
1430 2444 1510 2520 sive

177 2565 219 2641 in
249 2563 331 2640 aliis
358 2563 570 2666 regionibus
598 2563 636 2640 in
665 2563 862 2666 perniciem
883 2564 1074 2642 Ecclesiae
1092 2589 1135 2642 ac
1154 2565 1256 2642 Sedis
1277 2563 1512 2662 spostolicae

177 2685 329 2784 patrata
356 2687 459 2775 sunt,
483 2681 639 2758 Nostras
658 2681 942 2783 protestationes
961 2683 1161 2760 ederemus.
1183 2683 1404 2758 Novissimis
1425 2707 1512 2760 vero

177 2803 282 2878 hisce
310 2802 418 2877 annis
446 2825 561 2877 novos
589 2804 627 2876 et
654 2799 893 2878 violentiores
908 2825 1025 2902 usque
1044 2803 1204 2903 impetus
1224 2805 1335 2903 atque
1355 2801 1513 2876 iniurias

178 2929 350 3024 spectare
378 2921 582 3008 debuimus
602 2946 694 3022 quas
713 2919 881 2998 Ecclesia
908 2922 977 2998 Dei
1002 2921 1044 2999 in
1074 2921 1191 2996 variis
1209 2919 1319 2997 Orbis
1338 2920 1513 2997 catholici

179 3043 350 3144 partibus
378 3041 531 3144 pertulit
559 3043 604 3116 ab
632 3041 785 3118 infensis
813 3042 1008 3134 hostibus,
1041 3042 1105 3144 qui
1142 3046 1387 3143 opportunam
1418 3043 1515 3119 satis

179 3166 409 3243 occasionem
439 3167 521 3242 lesu
549 3165 692 3243 Christi
720 3189 892 3267 sponsam
910 3165 1150 3267 oppugnandi
1169 3171 1434 3265 reputaverunt
1454 3192 1515 3244 ca-

178 3285 389 3364 lamitosam
417 3285 661 3364 conditionem
692 3311 815 3362 rerum
843 3290 1071 3383 nostrarum,
1102 3294 1139 3363 et
1167 3285 1399 3364 solitudinem
1431 3310 1515 3363 cam

180 3406 221 3481 in
249 3431 323 3506 qua
349 3406 428 3483 Nos
455 3405 556 3481 omni
583 3403 750 3481 humana
780 3428 849 3508 ope
887 3405 1053 3482 destituti
1097 3427 1305 3481 versamur.
1337 3404 1516 3506 Optasse-

181 3550 265 3602 mus
292 3523 440 3626 quidem
468 3524 648 3600 hodierna
673 3524 733 3599 dic
761 3521 1004 3600 Venerabiles
1033 3521 1184 3600 Eratres
1214 3523 1387 3598 menti'et
1415 3521 1516 3626 cogi·

179 3645 314 3720 talioni
350 3655 496 3720 vestrae
536 3664 740 3743 proponere
776 3643 975 3719 immanem
1018 3639 1115 3717 hauc
1154 3639 1303 3741 lamque
1341 3639 1515 3718 diffusam

182 3763 496 3864 persecutionem,
529 3761 691 3862 quaein
719 3760 887 3862 pluribus
927 3757 1098 3860 Europae
1140 3760 1353 3862 regionibus
1389 3765 1517 3837 contra

180 3883 385 3960 Ecclesiam
413 3879 549 3976 saevit,
564 3883 626 3957 sed
655 3880 834 3958 habentes
861 3878 902 3957 in
931 3878 1054 3956 animo
1081 3880 1250 3958 acerbam
1270 3880 1517 3958 hancdcscri·

181 4003 348 4104 ptionem
376 3998 448 4076 alio
476 3999 593 4075 Vobis
620 4002 787 4100 tempore
814 3998 1003 4092 exhibere,
1021 3997 1169 4074 interim
1199 3997 1321 4074 facere
1340 4022 1415 4076 non
1434 4021 1518 4100 pos-

113 4175 116 4180 ,
182 4145 326 4212 sumus,
357 4117 450 4222 quin
477 4117 665 4195 Ecclesiae
692 4116 732 4193 in
760 4119 831 4194 hac
858 4118 965 4194 ltalia
991 4118 1136 4195 labores
1163 4122 1202 4193 et
1231 4119 1446 4195 vexationes
1476 4118 1516 4193 in

182 4241 260 4318 dies
287 4241 492 4343 asperiores
521 4240 639 4316 Vobis
667 4263 1007 4332 commemoremus
1042 4265 1084 4314 ac
1112 4239 1276 4342 pericula
1303 4263 1398 4339 quae
1426 4261 1518 4342 quo·

182 4361 273 4438 tidie
302 4359 443 4436 maiora
471 4359 587 4435 Nobis
614 4363 653 4435 et
680 4358 767 4434 huic
797 4357 1031 4460 apostolicae
1060 4357 1143 4436 Sedi
1176 4358 1388 4462 impendere
1430 4379 1519 4434 con·

183 4477 374 4582 spicimns,
405 4480 634 4581 aperiamus.

289 4601 369 4664 Aeta,
383 4599 455 4652 Pom.
475 4599 509 4663 X,
520 4597 595 4658 fasc.
611 4598 679 4650 01.
1408 4602 1427 4652 4
