3670 5222
357 191 419 270 lid
929 217 1114 277 cessassem

356 324 556 428 plenariam
587 317 845 402 confratribus
864 323 904 401 in
923 325 1081 402 articulo
1103 327 1232 402 mortis
1252 323 1477 418 constitutis,
1503 317 1681 404 confessis

354 451 391 520 ct
418 472 522 524 sacra
549 451 676 546 synaxi
709 446 873 539 relectis;
903 448 1140 526 Innocentius
1168 472 1255 527 vero
1289 449 1371 526 Vlll
1400 449 1560 524 eamdem
1592 472 1681 523 con-

354 566 463 640 cessit
492 566 778 660 Indulgentiam,
812 567 910 643 haud
938 566 1178 644 confessionis
1207 577 1244 642 et
1262 567 1528 642 communionis
1557 565 1683 642 condi-

354 690 471 766 tiones
499 690 705 790 requirens
737 689 970 793 Quapropter
997 693 1154 768 secunda
1181 715 1257 768 non
1285 695 1342 766 est
1380 715 1478 766 nova
1495 690 1682 766 concessio

355 810 418 886 sed
444 813 591 885 tantum
621 810 763 910 primae
792 809 1037 885 concessionis
1065 808 1268 909 ampliatio.
1301 809 1456 908 Ideoque
1485 808 1681 884 nominan-

354 929 421 1004 dus
456 933 554 1003 esset
581 927 701 1028 potius
739 919 973 1004 Innocentius
1008 951 1128 1029 quem
1150 927 1189 1002 S.
1213 925 1307 1002 Pius
1326 928 1375 1004 V.
1399 925 1517 1002 Adiici
1536 949 1682 1026 quoque

354 1048 461 1124 debet
486 1050 580 1150 quosl
611 1047 650 1124 in
678 1048 795 1124 Brevi
814 1045 951 1151 Nuper
971 1045 1175 1123 iunocentii
1201 1069 1336 1124 nomen
1354 1047 1541 1123 omittitur
1560 1047 1597 1124 S.
1621 1047 1678 1124 Pii

354 1168 406 1256 V;
436 1167 522 1244 dum
559 1193 578 1242 e
614 1169 798 1244 contrario
837 1169 1044 1269 reperiatur
1081 1167 1118 1244 in
1155 1165 1314 1244 formula
1349 1167 1465 1242 relata
1502 1166 1540 1242 in
1580 1167 1680 1242 calca

354 1283 632 1364 Breviariorum
660 1290 698 1362 et
725 1287 941 1362 diurnorum
963 1285 1049 1364 RR.
1073 1283 1152 1364 ΡΡ.
1179 1287 1491 1364 praedicatorum.
1519 1284 1677 1386 Ideoque

354 1414 511 1506 utraque
538 1404 694 1481 formula
722 1405 888 1506 legitima
914 1405 1075 1482 videtur.

434 1521 555 1612 Quum
585 1526 631 1601 de
656 1524 769 1600 dubio
798 1531 928 1600 octavo
956 1525 1069 1600 verba
1102 1523 1219 1602 facere
1246 1524 1431 1601 debuisset
1463 1521 1673 1613 consultor,

354 1643 587 1744 praemonuIt
614 1645 709 1744 quod
739 1644 808 1718 etsi
837 1642 889 1719 illi
918 1645 981 1745 qui
1002 1645 1045 1718 de
1068 1644 1230 1722 Rosario
1255 1644 1471 1744 scripserint
1489 1643 1682 1744 assignare

355 1761 540 1838 voluerint
568 1761 764 1863 rinicirique
792 1763 966 1863 mysterio
1000 1763 1195 1866 proprium
1225 1761 1373 1853 festum3
1394 1775 1517 1838 tamen
1537 1761 1679 1838 nullum

356 1882 488 1959 existit
515 1882 750 1958 Pontificium
783 1883 971 1960 decretum
1008 1907 1073 1984 per
1110 1884 1209 1984 quod
1250 1883 1379 1958 horum
1420 1884 1679 1978 mysteriorum

354 2003 433 2079 dies
461 2003 769 2079 determinentur.
802 2003 976 2092 Quinimo
1004 2004 1125 2104 quoad
1153 2005 1333 2104 mysteria
1361 1999 1541 2080 nonnulla
1577 2024 1681 2101 repe-

354 2123 504 2198 riuntur
531 2123 716 2198 discordes
745 2125 913 2198 auctores
940 2125 1003 2223 qui
1022 2124 1066 2200 de
1094 2123 1168 2199 illis
1186 2127 1365 2212 tractant;
1387 2123 1538 2222 ideoque
1557 2117 1682 2220 colligi

355 2247 478 2343 potest
506 2244 623 2342 quoad
653 2243 722 2318 hoc
750 2242 847 2318 haud
876 2247 1005 2318 extare
1033 2241 1269 2318 traditionem
1296 2245 1523 2320 constantem
1545 2246 1585 2317 et
1603 2239 1681 2316 uni·

357 2361 554 2438 versatam.
588 2363 792 2437 Praeterea
820 2361 858 2436 in
888 2361 1046 2437 Decreta
1081 2360 1192 2438 Urbis
1221 2368 1257 2436 et
1288 2359 1403 2437 Orbis
1431 2361 1468 2437 S.
1492 2359 1535 2436 Ο.
1560 2355 1684 2434 Indul-

355 2483 564 2584 gentianum
587 2483 659 2556 diei
683 2479 731 2556 18
751 2481 852 2581 Sept.
880 2477 982 2557 1862
1002 2479 1263 2556 Sanctissimus
1289 2481 1401 2556 Pater
1422 2509 1440 2550 a
1471 2478 1683 2553 declarare

354 2625 538 2704 capresse
557 2612 600 2674 at
617 2608 767 2704 quoties
786 2606 831 2675 in
842 2605 1082 2676 concessione
1096 2604 1355 2674 inveniantur
1373 2597 1486 2672 cerba
1498 2601 1681 2698 infestis,

354 2723 412 2797 oel
432 2728 475 2794 in
490 2720 672 2798 amnibus
692 2730 728 2795 et
744 2721 920 2822 sinpulis
935 2723 1048 2820 festis
1068 2718 1231 2794 Domini
1236 2742 1436 2819 ...semper
1456 2717 1681 2818 inteliipan-

354 2851 420 2915 tar
448 2853 600 2916 tanturn
623 2843 725 2940 festa
761 2837 1013 2920 Natiuitatis,
1055 2836 1391 2920 Circumcisicnis,
1423 2835 1679 2938 Epiphaniae,

359 2959 582 3038 Dominicae
602 2958 810 3036 Paschalis
838 2957 1149 3042 Resurretionis,
1180 2957 1420 3033 Ascenticnis
1442 2965 1474 3027 et
1499 2953 1684 3056 Corporis

361 3080 523 3166 Christi,
544 3105 587 3154 ac
600 3087 753 3183 pariter
772 3077 982 3156 declaravit
998 3088 1042 3151 ut
1068 3083 1214 3180 quoties
1243 3085 1285 3150 in
1305 3079 1541 3149 concessione
1578 3080 1683 3148 inva-

354 3207 521 3276 niantar
537 3200 652 3276 cerba
672 3205 717 3274 in
739 3201 852 3297 festis
888 3195 946 3271 vel
980 3196 1020 3271 in
1057 3197 1223 3272 omnibus
1261 3193 1412 3270 testis...
1453 3191 1503 3269 B.
1530 3192 1685 3268 Mariae

367 3318 472 3420 Vr'rp.
511 3342 660 3420 semper
698 3317 974 3419 intellipanlur
1009 3315 1213 3391 dunstanni
1254 3316 1354 3413 festa
1398 3311 1684 3412 Contentionis,

355 3434 602 3516 Natiuitatis,
626 3437 972 3516 Annuntiationis,
993 3431 1289 3532 Purificctionis
1317 3436 1356 3506 et
1374 3433 1680 3530 Assarrrplicnis.

355 3555 479 3656 Atque
506 3559 545 3629 in
564 3555 689 3630 eodem
711 3554 855 3628 decreto
884 3552 1146 3630 Sanctissimus
1174 3551 1288 3628 Pater
1306 3550 1481 3627 declarat:
1515 3575 1685 3652 ‹qnan-

355 3677 403 3752 do
423 3681 621 3752 invenitur
644 3697 820 3750 concessa
851 3673 1096 3775 c'nduipentia
1104 3672 1298 3774 partialis
1317 3677 1361 3745 in
1381 3672 1544 3772 reliquis
1559 3679 1686 3746 ornai-

352 3795 423 3874 bns
457 3799 572 3894 festis
623 3791 785 3869 Domini
809 3849 987 3871 .....
1026 3802 1059 3865 et
1099 3791 1241 3865 Beatae
1278 3789 1432 3868 Mariae
1479 3789 1683 3892 Virpinis,

353 3913 653 4016 in‘cllipendarn
680 3937 760 3988 csse
788 3913 831 3988 de
863 3912 1044 3988 omnibns
1071 3914 1184 4009 festis
1218 3909 1363 3986 Bautae
1404 3909 1557 3985 Mariae
1595 3908 1684 3984 Vir-

351 4041 478 4137 pinis,
514 4058 613 4136 quae
646 4033 889 4110 celebrantur
921 4034 966 4106 ab
1004 4039 1191 4108 uniuersa
1229 4029 1401 4107 Ecclesia
1441 4059 1458 4100 r
1500 4027 1682 4116 Quamvis

351 4152 552 4228 declaratio
572 4151 663 4227 haec
684 4175 854 4252 magnam
874 4149 1040 4226 effundat
1057 4149 1173 4225 lucem
1196 4173 1305 4249 super
1320 4149 1481 4248 aliquam
1500 4149 1682 4249 propositi

351 4270 636 4370 dubiipartem‚
674 4273 841 4345 attamen
878 4267 1029 4344 dubium
1067 4267 1209 4367 integre
1246 4263 1345 4342 haud
1383 4264 1548 4354 resolvit;
1588 4265 1678 4366 quia

352 4389 562 4491 pontificiae
589 4390 844 4465 concessiones
873 4385 1212 4465 confraternitatem
1243 4385 1392 4463 Rosarii
1422 4384 1681 4484 respicientes,

354 4509 556 4614 loquuntur
583 4531 729 4612 semper
757 4507 805 4583 de
832 4505 937 4583 lestis
957 4505 1213 4608 mysteriorum
1235 4503 1402 4597 Rosarii3
1426 4527 1521 4610 quae
1545 4503 1688 4582 formu·
