3674 5210
232 683 326 762 SSrn
351 684 394 760 u.
422 684 465 760 N.
491 685 619 790 parva
645 705 853 765 conanum
885 704 1098 760 recursum
1123 707 1402 762 raucarum-mu
1502 768 1505 774 ,

197 828 396 886 cmusrouu
437 829 497 886 sm
522 829 809 895 curuouucusrm
851 831 940 882 uum
982 808 1218 883 Errscorucrs
1257 831 1430 884 nonoms.

661 1132 779 1218 arus
809 1136 887 1211 rr.
911 1133 978 1213 m.

192 1439 397 1522 Uaramus
430 1437 758 1542 Gtcrtstifidettbus
770 1447 996 1544 praesentes
1015 1438 1187 1518 Litteras
1207 1447 1441 1546 inspecturis

386 1561 615 1640 salutemet
644 1559 905 1664 Apostolicom
936 1555 1244 1640 benedictionem.

227 1827 532 1930 Quandoquidem
550 1825 743 1907 Oatholica
767 1828 977 1906 Iuventutis
996 1829 1149 1908 Italicae
1169 1830 1348 1928 Societas,
1373 1860 1477 1936 prae-

144 1966 206 2039 ter
232 1962 309 2040 alia
338 1963 522 2066 permulta
547 1988 664 2067 eaque
692 1962 830 2041 eximia
857 1963 1160 2065 pietatisofficia,
1183 1990 1380 2069 quaecum
1401 1971 1478 2071 ple-

146 2094 275 2196 risque
313 2096 354 2175 in
391 2119 587 2174 commune
622 2096 920 2196 conspirantibus
957 2095 1272 2176 christifidelibus
1305 2099 1477 2178 catholici

145 2227 310 2304 nominis
339 2229 492 2307 Parenti
524 2227 677 2305 Publico
696 2229 933 2306 continenter
953 2231 1291 2329 praestat,.summi
1311 2232 1369 2308 sui
1387 2257 1479 2335 erga

145 2357 224 2435 Nos
252 2361 366 2436 studii
395 2361 556 2440 testandi
583 2360 800 2465 gratiaeque
828 2359 906 2438 Deo
924 2358 1113 2437 habendae
1138 2387 1249 2439 causa
1267 2365 1364 2465 quod
1383 2365 1477 2442 Eius

145 2493 387 2593 providentia
413 2499 451 2571 et
479 2495 645 2584 numine,
668 2492 839 2596 quamvis
867 2494 1022 2570 adversa
1051 2519 1173 2570 rerum
1203 2494 1283 2571 vice
1310 2499 1476 2598 graviter

145 2623 422 2721 conflictamur,
445 2628 490 2704 ad
519 2626 588 2703 hoc
616 2626 750 2703 aetatis
777 2624 902 2702 animo
929 2631 966 2702 et
999 2649 1151 2724 corpore
1188 2623 1352 2704 valentes
1390 2653 1477 2730 prc-

144 2754 334 2850 vehimur,
357 2758 504 2834 censuit
530 2757 876 2860 quinquagesimum
906 2753 1137 2856 Episcopalis
1165 2755 1327 2832 Honoris
1346 2757 1473 2834 Nostri
1576 2753 1581 2760 ’

143 2913 299 2982 annum,
324 2888 356 2965 si
383 2890 484 2968 Deus
512 2889 665 2982 dederit,
699 2890 758 2966 die
786 2889 835 2967 111
863 2889 1000 2966 mensis
1020 2889 1114 2965 lunii
1137 2890 1281 2966 venturi
1302 2889 1474 2968 solemni·

143 3027 202 3100 ter
230 3021 430 3116 celebrare,
455 3029 566 3124 atque
594 3024 633 3098 in
669 3022 766 3099 votis
802 3021 916 3098 habet
951 3023 995 3095 ut
1025 3020 1063 3097 id
1100 3021 1233 3123 populo
1266 3022 1473 3102 christiano

144 3157 239 3232 bene
266 3159 305 3230 et
331 3154 488 3234 feliciter
516 3156 680 3247 eveniat3
702 3155 778 3233 Nos
805 3157 850 3232 ad
879 3155 1084 3257 augendam
1125 3154 1286 3232 fidelium
1323 3156 1473 3257 religio-

144 3311 233 3365 nem
260 3287 541 3390 animarumque
569 3287 724 3366 salutem
754 3286 972 3364 coelestibus
1000 3285 1187 3364 Ecclesiae
1205 3287 1390 3365 thesauris
1408 3290 1471 3392 pia

143 3418 329 3497 charitate
356 3419 504 3514 intenti,
527 3419 599 3522 piis
627 3420 836 3522 praedictae
866 3418 1062 3496 Societatis
1092 3419 1259 3520 precibus
1297 3423 1473 3501 obsecun·
1547 3481 1550 3488 ,

143 3555 234 3630 dare
260 3553 441 3647 volentes,
464 3555 510 3632 de
536 3551 814 3653 Omnipotentis
843 3551 910 3628 Dei
930 3551 1182 3629 misericordia
1202 3577 1244 3628 ac
1263 3553 1341 3631 BB.
1368 3549 1473 3634 Petri

144 3689 185 3762 et
211 3685 319 3764 Pauli
359 3687 457 3788 App.
488 3686 568 3762 eius
601 3686 823 3765 auctoritate
858 3684 1002 3781 confisi,
1031 3685 1203 3762 omnibus
1238 3691 1276 3763 et
1312 3689 1471 3790 singulis

144 3821 340 3922 utriusque
367 3845 477 3897 sexus
503 3817 828 3910 christifidelibus,
862 3819 937 3920 qui,
968 3819 1037 3896 hoc
1064 3842 1161 3896 anno
1189 3821 1248 3897 die
1275 3821 1326 3898 ΙΙΙ
1355 3823 1465 3913 lunii,

143 3951 313 4051 qualibet
339 3951 379 4027 in
406 3951 571 4028 Ecclesia
598 3956 665 4026 aut
692 3949 865 4026 Oratoric
899 3955 1134 4028 sacrosancto
1171 3951 1308 4030 Missae
1345 3956 1471 4033 Sacri-

143 4083 228 4160 ficio
253 4086 441 4163 adstantes
467 4107 554 4161 vere
581 4084 810 4185 poenitentes
838 4087 877 4160 et
902 4077 1059 4160 confess.
1083 4110 1125 4160 ac
1144 4087 1184 4165 S.
1202 4085 1471 4165 Communione

142 4215 270 4294 retecti
299 4239 367 4320 pro
394 4222 629 4317 peccatorum
657 4214 911 4317 conversione,
935 4214 1139 4294 catholicae
1157 4218 1259 4295 Fidei
1284 4242 1470 4322 propaga·

142 4349 245 4429 tione
280 4353 319 4428 ct
354 4350 551 4430 Romanae
583 4349 770 4426 Ecclesiae
804 4373 893 4454 pace
930 4354 1041 4451 atque
1079 4351 1266 4454 triumpho
1304 4351 1384 4452 pias
1424 4357 1467 4428 ad

143 4485 261 4564 Deum
289 4509 418 4589 preces
444 4481 656 4578 effuderint,
684 4483 889 4583 plenariam
920 4482 1086 4560 omnium
1119 4488 1350 4584 peccatorum
1381 4509 1467 4562 suc·

143 4641 225 4694 rum
251 4616 520 4720 indulgentiam
537 4621 576 4693 et
594 4616 859 4712 remissionem,
881 4641 993 4720 quam
1011 4617 1123 4694 etiam
1144 4617 1337 4695 animabus
1359 4617 1465 4698 Chri·
