3622 5240
601 309 737 360 ansrom
762 310 923 358 ansanum
1406 291 1426 360 5

124 413 238 488 tissime
274 409 590 502 confirmavimus,
632 434 789 510 eumque
825 405 1075 510 patriarcham
1115 407 1421 511 Babyloniensem

123 533 341 610 thaldeorum
371 529 593 607 auctoritate
622 529 759 606 Nostra
786 526 999 630 Apostolica
1038 527 1284 618 instituimus,
1328 531 1366 604 et
1404 551 1425 603 a

123 651 222 728 multis
249 647 581 727 contradictoribus
609 647 737 722 statim
762 646 983 748 appetitum,
1006 651 1156 722 strenue
1177 643 1422 723 defendimus.

122 773 414 872 praeconceptam
444 791 547 868 spem
574 765 844 842 confirmarunt
873 789 944 841 nou
982 762 1099 842 solum
1136 764 1225 840 fides
1264 769 1302 840 et
1339 768 1426 844 obe-

119 889 237 968 dientia
263 913 375 990 quam
406 887 521 966 Nobis
549 887 769 990 Nostrisque
797 884 1081 974 successoribus,
1116 885 1224 962 sicuti
1258 885 1424 964 omnium

120 1008 360 1086 catholicorum
390 1005 684 1110 patriarcharum
716 1029 794 1082 mos
822 1011 877 1082 est
905 1028 948 1079 ae
981 1004 1161 1096 debitum,
1204 1005 1425 1108 interposita

118 1126 332 1204 iurisiurandi
362 1124 542 1224 religione
569 1123 647 1225 ipse
676 1123 856 1225 promisit,
896 1147 1023 1198 varum
1061 1127 1099 1198 et
1136 1124 1425 1224 obsequentissi-

117 1249 212 1324 imae
237 1247 319 1324 eius
346 1245 508 1338 litterae,
538 1244 671 1344 quibus
699 1245 869 1346 egregios
897 1268 1026 1320 sensus
1055 1269 1144 1320 suae
1173 1245 1327 1322 devotae
1356 1270 1423 1322 vo·

113 1365 266 1455 luntatis,
282 1370 321 1443 et
338 1365 454 1443 animi
474 1365 589 1442 Nobis
608 1371 719 1465 atque
739 1366 828 1442 huic
842 1365 880 1442 S.
897 1365 979 1442 Sedi
1005 1364 1165 1442 devincti
1182 1361 1420 1470 significavit.

176 1488 213 1564 4.
247 1489 389 1567 Verum
419 1484 516 1562 haud
545 1485 662 1562 multo
691 1487 841 1587 postet
872 1485 984 1560 semel
1026 1491 1064 1561 et
1102 1485 1234 1562 iterum
1274 1488 1424 1589 scripsit

109 1613 145 1686 ad
171 1614 345 1688 Nostram
373 1609 708 1710 Congregationem
737 1609 781 1685 de
810 1607 1057 1710 Propaganda
1086 1609 1167 1702 ilde,
1201 1608 1342 1690 delatas
1377 1613 1423 1690 ad

107 1757 139 1805 se
162 1729 276 1807 luisse
307 1727 622 1806 Melabarensium
662 1727 819 1818 litteras,
861 1751 974 1828 opera
1009 1731 1048 1803 et
1085 1727 1206 1805 studio
1244 1729 1423 1808 haeretici

106 1849 288 1926 cuiusdam
316 1846 683 1950 Syro-lacebitarum
714 1843 882 1946 Episcopi
913 1844 1046 1921 ibidem
1083 1847 1361 1940 commorantis3
1385 1849 1424 1925 iu

105 1968 228 2067 quibus
256 1967 368 2044 iidem
399 1963 698 2054 Malabarcuses,
734 1963 857 2038 multis
885 1963 1126 2062 querimoniis
1153 1967 1192 2043 et
1218 1965 1426 2042 accusatio-

106 2089 201 2161 nibus
229 2086 421 2187 congestis
461 2097 589 2160 contr-n
636 2085 787 2160 Latinos
830 2081 1086 2160 blissionarios
1127 2088 1164 2159 et
1204 2083 1420 2188 Episcopus,

104 2230 219 2280 inrum
248 2229 375 2280 curam
409 2203 543 2280 Nostro
572 2203 721 2280 nominc
750 2205 948 2302 gerentes,
981 2203 1220 2302 postulabant
1246 2205 1317 2281 sibi
1344 2205 1424 2282 dari

103 2355 117 2390 a
156 2322 352 2399 Patriarca
395 2320 615 2422 Episcopum
654 2322 710 2396 sui
750 2321 861 2396 ritus.
892 2319 976 2396 Etsi
1017 2321 1250 2425 exploratum
1296 2327 1419 2418 esset,

102 2441 211 2538 ipsum
244 2439 503 2516 patriarcham
542 2439 643 2516 nulla
670 2440 807 2540 pollere
835 2439 1088 2516 lurisdictione
1121 2442 1160 2518 in
1190 2441 1426 2520 Malabaren·

99 2582 161 2652 ses,
178 2559 313 2636 borum
343 2561 468 2634 tamen
496 2556 747 2658 querimoniae
775 2557 1036 2660 expendendae
1065 2563 1174 2634 erant
1200 2559 1423 2662 diligenter,

99 2685 134 2754 ut
160 2678 423 2782 spiritualibus
452 2675 595 2756 illorum
627 2679 908 2755 necessitatibus
936 2703 979 2753 eo
1007 2677 1193 2755 efficacius
1212 2685 1250 2756 et
1263 2679 1424 2758 alacrius

98 2821 387 2889 occurreremus,
418 2820 491 2897 quo
521 2797 693 2874 maiorem
722 2820 848 2872 eorum
894 2797 1180 2873 sollicitudinem
1208 2798 1423 2899 Apostolica

96 2921 202 2994 Sedes
232 2918 373 2994 habere
401 2917 520 3006 debet,
552 2943 644 3016 quos
672 2943 737 3018 per
765 2941 851 2994 suos
881 2917 1052 2994 Vicarios
1094 2919 1194 3018 regit
1222 2927 1258 2996 et
1285 2921 1426 3019 guber·
1472 2928 1479 2952 ⁸

95 3051 169 3114 nat..
202 3039 441 3138 Quapropter
469 3038 747 3112 accuratissima
774 3037 851 3112 reri
880 3037 1119 3139 investigatio
1147 3037 1322 3116 instituta
1348 3044 1420 3133 est,

97 3158 250 3260 utquid
280 3163 425 3234 demum
453 3157 646 3233 incorum
679 3156 876 3233 utilitatem
907 3159 1174 3234 decernendum
1206 3163 1318 3253 esset,
1342 3163 1423 3235 tuto

94 3277 355 3354 indicaremus.
387 3278 482 3354 Cum
510 3275 637 3376 itaque
665 3277 896 3353 delinitivum
925 3301 1145 3378 responsum
1174 3275 1421 3371 differretur,

95 3395 272 3485 innotuit,
291 3397 400 3496 ¹quod
429 3397 560 3496 postea
596 3397 871 3496 comprobatum
902 3403 958 3470 est
986 3395 1228 3496 autographis
1257 3397 1337 3474 eius
1364 3397 1424 3474 lit·
1467 3408 1472 3417 '

94 3519 182 3591 teris
210 3517 312 3592 datis
339 3517 398 3592 die
426 3515 516 3594 XXI
546 3515 759 3592 Decembris
787 3542 849 3592 an.
873 3515 1126 3594 MDOGOLVI
1154 3517 1199 3593 ad
1228 3521 1424 3618 quemdam

93 3635 389 3712 llalabarensem
437 3637 692 3736 presbyterum
738 3635 1018 3713 Ernnranuelem
1062 3635 1235 3730 nomine,
1268 3637 1424 3739 abipso

92 3761 318 3838 Patriarcha
344 3759 657 3838 Malabareusium
699 3761 877 3839 desideria
914 3763 1100 3854 excitari,
1133 3787 1234 3864 spem
1275 3763 1420 3856 lovari,

92 3883 238 3958 modum
269 3903 415 3981 quoque
443 3879 640 3968 insinuari,
672 3905 746 3980 quo
773 3883 919 3957 demum
948 3881 1025 3957 voti
1054 3885 1242 3983 compotes
1273 3883 1418 3977 fierent,

89 4025 229 4100 rosque
258 4001 414 4091 moneri,
440 4007 483 4074 ut
509 3999 754 4099 querimoniis
783 4007 911 4077 contra
938 3999 1196 4078 Missiouarios
1214 4002 1424 4103 crebrisque

90 4145 131 4190 ar.
174 4119 350 4221 repetitis
386 4119 695 4222 postulationibus
743 4119 996 4223 Apostolicam
1043 4121 1164 4196 sedem
1206 4119 1421 4220 fatigarent.

90 4241 239 4318 interea
266 4239 343 4316 Nos
371 4239 453 4315 miti
481 4241 624 4314 ratione
654 4265 728 4314 rem
758 4264 978 4343 componere
1005 4241 1210 4342 cupientes,
1241 4242 1421 4318 Pro-De-

87 4361 216 4463 legato
265 4363 401 4439 Nostro
428 4362 469 4438 in
506 4363 777 4461 Mesopotamia
818 4362 1064 4439 mandandum
1107 4359 1350 4453 curavimuS,
1383 4367 1425 4439 ut

88 4485 353 4564 patriarcham
382 4510 406 4562 a
433 4486 572 4588 coeptis
601 4491 826 4578 removeret,
859 4485 921 4562 hia
949 4490 1075 4564 autem
1105 4486 1266 4564 monitus
1294 4489 1350 4564 est
1377 4509 1423 4564 ue

86 4609 178 4704 quid
209 4605 255 4682 in
282 4605 525 4684 Melabariam
554 4607 721 4686 auderet.
1308 4631 1309 4638 ¹
