3622 5240
301 207 344 276 28
683 205 688 218 '
790 228 929 274 nrrsrota
956 229 1115 276 aucrcurct

303 324 395 402 alios
421 349 672 428 quoscumque
699 327 754 401 tui
796 327 890 401 ritus
929 327 1190 426 presbyteros,
1224 327 1422 405 monachos
1450 327 1509 404 vel
1537 327 1634 404 forte

301 444 416 520 etiarn
443 447 632 545 episcopos
662 469 681 518 a
714 444 919 521 Malabaria
961 448 1234 547 quamprimum
1274 473 1447 541 revoces;
1478 473 1636 550 eamque

302 565 502 667 regionem,
536 565 574 639 in
602 590 675 665 qua
702 563 840 640 nullam
869 565 938 641 tibi
970 566 1090 643 inesse
1119 573 1338 667 potestatem
1370 570 1441 644 iam
1471 569 1634 662 declara·-

305 687 427 764 vimus
454 693 493 764 et
519 712 647 763 rursus
675 688 933 782 declaramus,
965 688 1006 763 in
1035 714 1123 789 pace
1151 696 1189 766 et
1216 691 1399 770 catholica
1424 693 1640 794 tranquilli-

304 811 384 886 tate
413 806 578 909 legitimo
605 830 671 882 suo
701 807 868 883 Praesuli
900 809 1177 908 gubernandam
1209 810 1410 912 relinquas.

386 927 680 1028 ›Praecipimus
719 927 882 1027 insuper,
916 932 953 1005 et
980 931 1215 1031 presbyteros
1256 931 1375 1008 Eliam
1405 932 1640 1009 Matthaeum

305 1049 471 1151 aliosque
497 1071 590 1151 quos
617 1048 748 1122 contra
776 1029 949 1124 Nostram
989 1050 1292 1125 constitutionem
1333 1075 1453 1152 nuper
1498 1052 1642 1153 episco-

302 1170 376 1272 pali
406 1169 619 1245 charactere
648 1166 801 1261 auxisti,
833 1191 982 1246 revoces
1010 1193 1033 1242 a
1060 1170 1287 1246 dioecesibus
1314 1171 1449 1270 quibus
1477 1195 1540 1247 ecs
1584 1176 1642 1249 te-

302 1315 415 1384 mere,
449 1287 625 1390 sacrilege
654 1288 693 1362 et
720 1286 881 1363 inaniter
908 1285 1135 1389 praefecisti:
1166 1313 1366 1390 earumque
1394 1290 1452 1366 tui
1480 1291 1641 1392 patriar-

306 1412 438 1489 chatus
464 1409 699 1500 dioecesium,
730 1431 827 1508 quae
853 1407 1020 1508 legitimo
1049 1413 1176 1484 carent
1203 1414 1376 1509 pastore,
1409 1411 1575 1512 regimen
1602 1417 1643 1486 et

307 1528 667 1608 administrationem
708 1528 920 1604 committas
963 1526 1046 1602 aliis
1073 1528 1195 1628 dignis
1223 1531 1261 1603 et
1289 1529 1428 1605 idoneis
1456 1531 1511 1606 tui
1547 1531 1643 1606 ritus

305 1647 546 1752 presbyteria,
577 1648 692 1722 donec
718 1647 762 1722 de
788 1645 965 1746 legitimis
993 1664 1031 1720 et
1059 1645 1131 1720 rite
1160 1646 1286 1724 electis
1313 1648 1495 1750 episcopis
1510 1647 1641 1724 iisdem

307 1770 536 1846 dioecesibus
565 1766 814 1868 provideatur.
847 1763 952 1850 Quod
980 1765 1156 1841 Nostrum
1190 1768 1405 1842 mandatum
1449 1767 1480 1842 si
1522 1767 1643 1842 adim-

306 1889 407 1989 plere
437 1886 660 1990 neglexeris„
693 1885 768 1960 Nos
796 1884 867 1986 ipsi
894 1907 961 1985 pro
988 1885 1113 1962 debito
1142 1887 1268 1962 Nostri
1297 1886 1536 1986 apostolatus
1564 1887 1643 1964 offi-

309 2009 380 2098 cie,
415 2008 488 2083 illis
515 2002 742 2082 dioecesibus
770 2002 1017 2080 consulemus.
1636 2103 1644 2114 x

391 2163 409 2206 ›
432 2131 630 2208 Praeterea
657 2132 694 2204 te
721 2131 974 2221 admonemus,
989 2130 1033 2205 ut
1046 2128 1198 2205 omnino
1216 2129 1401 2206 abstineas
1420 2156 1444 2206 a
1470 2153 1646 2206 censura-

308 2278 388 2331 rum
418 2249 748 2328 ecclesiasticarum
778 2248 909 2340 abusu,
941 2271 1035 2350 quas
1062 2252 1202 2324 temere
1231 2261 1267 2325 et
1294 2248 1374 2326 sine
1403 2251 1502 2326 iusta
1529 2275 1646 2326 causa

308 2377 344 2447 te
384 2368 598 2470 frequenter
646 2365 912 2443 comminatum
971 2391 1050 2440 esse
1098 2377 1136 2442 et
1178 2369 1362 2466 irrogasse
1414 2367 1640 2471 accepimus.

310 2492 347 2568 Si
377 2489 475 2566 enim
504 2513 579 2577 aaa,
603 2488 649 2563 ob
677 2511 807 2562 causas
836 2509 911 2562 non
940 2486 1057 2563 iustas
1084 2494 1122 2562 et
1148 2511 1282 2586 graves
1301 2487 1491 2581 adhibeas,
1514 2487 1640 2564 lacere

311 2634 384 2685 non
412 2608 613 2709 poterimus
641 2607 732 2708 quin
761 2603 885 2680 fideles
914 2605 1079 2705 indignis
1108 2607 1236 2705 poenis
1264 2607 1480 2700 subiectos,
1515 2609 1555 2682 et
1593 2609 1643 2684 ad

312 2731 387 2806 Nos
416 2729 488 2803 iam
518 2725 784 2826 confugientes
818 2723 1040 2800 auctoritate
1069 2726 1236 2818 Nostra,
1268 2727 1323 2802 uti
1353 2725 1446 2802 alias
1473 2728 1513 2803 in
1555 2748 1642 2804 eam

312 2850 387 2924 Nos
413 2847 671 2922 necessitatem
699 2843 897 2935 adduxisti,
931 2843 1177 2922 absolvamus.
1212 2846 1392 2922 Volumus
1420 2848 1577 2948 denique
1597 2857 1642 2926 ut

309 2967 434 3044 omnia
461 2988 555 3064 quae
583 2989 605 3038 a
633 2965 844 3064 supradicta
872 2965 1010 3041 Nostra
1037 2963 1338 3065 Oongregatione
1364 2966 1433 3041 tihi
1464 2969 1643 3046 mandata

311 3091 472 3178 fuerunt,
495 3086 631 3162 litteris
658 3087 755 3162 datis
783 3087 840 3161 die
871 3084 1017 3162 XXVII
1046 3086 1206 3188 Augusti
1226 3085 1342 3188 elapsi
1361 3087 1464 3177 anni,
1484 3089 1644 3165 omnino

310 3208 520 3310 exequaris.

393 3326 659 3404 ›Confidimus
686 3329 724 3401 te
756 3325 928 3427 religiose
955 3325 1196 3427 impleturum
1231 3351 1328 3429 quae
1366 3327 1435 3404 tibi
1480 3328 1521 3405 in
1566 3328 1646 3406 Do·

313 3447 412 3544 mino
440 3446 720 3548 praecipimus;
750 3451 788 3519 et
816 3444 854 3519 in
884 3445 986 3522 hunc
1014 3443 1123 3521 tinem
1166 3445 1206 3522 in
1235 3446 1502 3547 plenitudinem
1545 3447 1647 3523 divi-

313 3569 481 3644 ninarum
511 3565 713 3667 gratiarum
748 3564 815 3640 tibi
857 3565 1122 3665 adprecamur.
1154 3565 1258 3654 Quod
1286 3568 1317 3641 si
1366 3566 1640 3668 peremptoriae

312 3687 397 3762 huic
425 3687 584 3763 Nostrae
611 3683 867 3773 admonitioni,
899 3683 996 3784 quod
1025 3685 1131 3777 absit,
1166 3709 1296 3786 parere
1323 3685 1517 3774 detrectes
1541 3694 1578 3764 et
1607 3688 1646 3762 in

311 3807 542 3884 contumacia
571 3805 762 3906 persistas,
795 3803 942 3880 noveris
971 3804 1047 3880 Nos
1077 3807 1398 3904 praedecessorum
1421 3806 1639 3882 Nostrorum

312 3923 480 4025 vestigiis
509 3925 758 4015 inhaerentes,
791 3924 855 4025 qui
883 3927 1027 3999 veteres
1054 3923 1168 4000 etiam
1197 3924 1438 4024 patriarchas
1463 3925 1552 4002 licet
1580 3950 1645 4026 po-

311 4051 455 4123 tentum
482 4045 687 4145 patrocinio
715 4044 933 4145 quandoque
961 4041 1145 4134 suffultos,
1179 4043 1436 4120 ecclesiasticis
1464 4047 1593 4148 poenis
1607 4051 1646 4123 et

314 4171 480 4248 censuris
507 4192 589 4244 cum
618 4194 710 4271 opus
736 4168 810 4245 fuit
837 4191 1005 4244 coercere
1033 4191 1110 4244 non
1137 4171 1480 4268 praetermiserunt,
1498 4179 1535 4247 et
1565 4194 1641 4248 non

315 4290 432 4367 solum
461 4289 851 4366 excommunicationis
880 4290 941 4364 sed
970 4287 1081 4364 etiam
1111 4287 1352 4388 depositionis
1389 4315 1507 4391 poena
1550 4289 1645 4368 mul-

314 4412 475 4501 ctarunt,
506 4407 603 4484 hanc
630 4408 794 4484 eamdem
825 4409 959 4508 agendi
988 4407 1184 4498 rationem,
1214 4404 1469 4484 dolentissime
1496 4409 1644 4510 quidem

316 4538 356 4607 at
382 4529 591 4606 necessario
618 4531 741 4604 tecum
759 4553 838 4603 esse
859 4534 1102 4617 servaturos3
1132 4552 1179 4603 ne
1199 4525 1444 4602 ministerium
1469 4530 1644 4602 Nostrum
