3622 5240
602 271 743 326 mrsrom
769 271 930 324 sncrcncr
1394 245 1435 324 ll

107 379 206 466 Tum,
242 373 381 476 spretis
409 373 493 450 aliis
521 373 757 474 Apostolirae
787 375 889 450 Sedis
919 373 1051 448 litteris
1081 379 1117 448 et
1143 374 1312 464 decretis,
1345 375 1436 477 Epi-

114 521 247 596 scopurn
282 496 405 570 Etiam
437 493 568 570 ltdellus
598 494 633 568 in
664 493 909 568 llalnbariam
938 491 1150 567 destinavit:
1182 516 1291 592 quem
1321 519 1343 568 a
1370 519 1434 570 su-

117 617 291 715 scipiendo
322 615 454 690 itinere
481 615 666 690 dimovere
693 635 765 688 non
798 613 993 689 valuerunt
1021 635 1142 712 neque
1164 611 1299 687 Nostra
1320 613 1435 690 inter-

114 736 224 824 dicam,
261 757 383 834 neque
412 735 549 809 indicta
577 758 600 808 a
631 733 744 808 Nobis
770 731 1024 834 suspensionis
1053 755 1172 831 poena
1208 731 1287 832 ipso
1337 731 1436 810 lacto

114 858 326 932 incurrendo
356 854 385 928 si
415 852 506 928 illud
534 852 686 951 ap'gredi
713 877 828 928 ausus
865 848 1029 942 fuisset;
1077 875 1173 952 quae
1209 852 1336 928 omnia
1383 850 1437 929 illi

112 980 311 1077 opportune
340 971 555 1074 significata
582 970 744 1048 fuerant.

185 1093 248 1170 16.
282 1093 424 1170 Horum
452 1090 657 1168 facinorum
686 1094 780 1168 serie
808 1099 846 1168 et
873 1091 1063 1191 gravitate
1089 1091 1248 1183 adducti,
1272 1094 1439 1170 eumdem

110 1213 369 1291 patriarcham
398 1213 563 1314 graviter
593 1214 779 1288 admoneri
810 1213 987 1288 iussimus
1015 1235 1081 1313 per
1108 1210 1281 1288 dilectum
1304 1211 1438 1287 Filium

109 1335 284 1409 Nostrum
304 1331 556 1407 Alexandrum
577 1329 691 1405 Tituli
714 1331 752 1407 S.
767 1331 913 1408 Mariae
929 1331 966 1406 in
979 1329 1259 1426 'transtyberim
1272 1331 1312 1408 S.
1330 1331 1377 1408 R.
1390 1331 1435 1408 E.

108 1451 340 1530 Oarrlinalem
369 1448 541 1540 Franchi,
575 1445 811 1526 Praefectum
841 1453 1068 1526 memoratae
1098 1451 1255 1526 Nostrae
1274 1450 1441 1552 Congre-

108 1572 269 1674 gationis
287 1572 331 1645 de
351 1569 588 1670 propaganda
608 1567 695 1642 Fide
715 1591 780 1668 pro
802 1567 973 1668 Negotiis
994 1568 1151 1645 Rituum
1173 1565 1437 1644 Orientalium.

109 1693 139 1766 A
169 1714 243 1790 quo
271 1688 419 1766 litterae
448 1685 553 1760 (latae
581 1689 669 1762 sunt
687 1686 732 1762 ad
758 1684 1018 1762 patriarcham
1037 1685 1095 1762 die
1115 1686 1259 1764 XXVll
1279 1689 1440 1787 Augusti

111 1812 274 1888 eiusdem
304 1805 408 1904 anni,
427 1831 470 1882 ac
498 1803 534 1878 in
566 1805 646 1879 cius
676 1805 890 1880 memoriam
910 1811 1084 1882 revocata
1112 1805 1351 1908 Apostolicae
1375 1805 1442 1882 Se-

111 1933 164 2006 dis
192 1928 369 2004 mandata
396 1931 434 2001 et
462 1924 753 2025 prohibitiones;
785 1931 1004 2022 argumenta
1031 1928 1163 2028 quibus
1190 1951 1317 2002 earum
1364 1925 1439 2000 vim

111 2071 288 2126 enervare
316 2046 394 2146 ipse
421 2045 617 2120 studuerat
645 2048 732 2120 sunt
758 2043 966 2121 dissoluta:
998 2047 1205 2147 improbata
1232 2053 1290 2122 est
1317 2043 1442 2120 missio

112 2173 305 2250 memorati
328 2169 498 2270 Episcopi
519 2167 652 2244 Mellus
667 2168 704 2242 in
725 2167 981 2262 Melabariam,
1004 2171 1213 2272 improbata
1232 2168 1443 2270 illegittirna

112 2290 340 2370 consecratio
370 2289 526 2365 duorum
555 2287 839 2388 episcoporum:
871 2288 1095 2366 declaratum
1126 2293 1195 2380 est,
1220 2289 1350 2366 horum
1370 2289 1438 2364 ele·

111 2418 270 2493 ctionem
299 2413 438 2490 nullam
482 2436 561 2486 esse
598 2412 770 2512 omnique
810 2411 984 2489 effectum
1026 2438 1176 2503 carere;
1209 2413 1443 2488 interdictum

112 2538 247 2611 eisdem
278 2532 432 2634 quodvis
460 2529 678 2630 episcopalis
720 2531 859 2608 ordinis
906 2533 1153 2626 exercitium3
1186 2534 1328 2634 ipsique
1375 2532 1444 2606 Pa·

111 2653 300 2732 marchae
329 2675 504 2752 expresse
534 2651 763 2744 mandatum,
796 2657 838 2726 ut
866 2649 1087 2754 Episcopum
1118 2652 1251 2728 lllellus
1288 2677 1335 2728 ex
1364 2653 1443 2728 Ma·

109 2771 266 2862 labaris,
299 2768 393 2846 alios
420 2793 442 2843 a
470 2767 695 2844 dioecesibus
722 2769 762 2844 in
792 2795 884 2870 quas
912 2773 958 2846 ab
1000 2796 1043 2848 eo
1080 2773 1213 2848 intrusi
1262 2770 1443 2861 fuerant,

109 2897 270 2995 ipsemet
297 2894 516 2980 revocaret,
550 2914 776 2993 suorumque
813 2900 978 2966 actorum
1020 2890 1200 2968 rationein
1242 2893 1443 2968 redderet:

111 3014 144 3088 id
166 3013 240 3089 nisi
263 3012 361 3086 intra
379 3014 561 3085 statutum
583 3009 760 3110 temporis
780 3010 939 3112 spatium
962 3011 1108 3104 taceret,
1134 3013 1324 3089 Summum
1347 3012 1448 3086 Pon-

112 3133 251 3208 tificem
280 3130 367 3205 licet
394 3129 550 3202 invitum
573 3127 760 3204 canonicis
779 3131 816 3205 in
839 3130 959 3231 ipsum
977 3133 1103 3230 poenis
1118 3131 1266 3207 omnino
1294 3155 1447 3207 usurum

113 3279 203 3328 esse.
236 3250 329 3326 ltem
357 3248 488 3324 moniti
518 3257 628 3340 sunt,
662 3251 924 3326 mandantibus
953 3252 1093 3342 Nobis,
1126 3253 1198 3327 duo
1244 3251 1449 3352 presbyteri

114 3361 332 3450 Matthaeus
360 3376 399 3448 et
426 3369 555 3463 Elias3
586 3372 806 3447 denunciata
833 3373 971 3449 eisdem
1010 3374 1183 3449 nullitate
1229 3372 1445 3460 electione,

114 3493 315 3569 interdicto
343 3492 519 3568 exercitio
549 3491 839 3592 pontificalium,
873 3491 1041 3570 iniuncto
1070 3495 1229 3570 discessu
1259 3519 1280 3568 a
1307 3494 1448 3569 dioece-

116 3617 219 3689 sibus
255 3635 350 3712 quas
379 3621 663 3712 occupaverant,
687 3613 923 3690 comminatis
944 3615 982 3690 ni
1002 3623 1174 3717 parerent
1192 3613 1450 3690 ecclesiasticis

118 3733 261 3831 poenis.
294 3731 472 3807 Monendi
500 3729 620 3806 adhuc
638 3737 745 3808 erant
758 3733 820 3834 qui
851 3733 1053 3832 sacrilegae
1072 3733 1358 3810 consecrationis
1369 3757 1450 3833 par-

117 3851 251 3951 ticipes
279 3848 441 3926 fuerant.
474 3848 612 3925 Verum
643 3851 822 3926 Abbatem
872 3847 1034 3926 Eliseum
1077 3852 1283 3954 praeripuit
1324 3851 1448 3928 Deus:

118 3967 180 4042 ille
207 3969 309 4044 enim
337 3967 435 4044 haud
468 3967 581 4043 multo
610 3975 691 4068 post
719 3969 800 4044 vita
828 3973 999 4065 excessit,
1023 3973 1111 4072 quin
1144 3971 1218 4050 ulla
1241 3975 1346 4052 daret
1366 3997 1451 4073 poe·

119 4087 302 4163 nitentiae
330 4094 564 4188 argumenta.
597 4085 799 4188 Episcopus
830 4112 915 4164 vero
944 4087 1078 4164 Mellus
1107 4114 1187 4164 curn
1220 4091 1256 4165 in
1287 4090 1453 4166 Melaba-

121 4209 215 4282 riam
244 4206 468 4298 advenisset,
501 4232 523 4280 a
555 4207 649 4282 Ven.
684 4207 745 4282 Fr.
778 4209 969 4285 Leonardo
1008 4207 1296 4312 Archiepiseopo
1343 4209 1452 4285 Nico·

123 4326 301 4403 mediensi
333 4325 486 4401 Vicario
514 4327 727 4427 Apostolico
758 4328 1038 4430 Verapolitan0,
1061 4331 1281 4406 auctoritate
1299 4331 1447 4422 Nostra,

122 4447 229 4522 iuxta
256 4447 401 4522 litteras
430 4448 475 4520 ad
505 4448 684 4522 cumdem.
708 4448 897 4524 Vicarium
928 4451 1035 4526 datas
1066 4450 1123 4524 die
1153 4451 1273 4551 prima
1292 4450 1450 4555 Augusti

124 4592 185 4639 an.
218 4565 576 4658 MDCCCLXXIV,
607 4592 761 4670 quarum
793 4569 939 4644 initium
967 4575 1023 4644 est
1071 4569 1364 4674 Speculatores,
1395 4599 1454 4650 so-

190 4709 270 4760 se«.
289 4708 357 4756 rom.
377 4709 410 4757 ι.
428 4707 497 4769 rm.
514 4708 589 4758 err.
1377 4719 1393 4766 2
