3622 5240
342 213 385 280 52
831 231 971 280 sersaoni
997 231 1158 280 sacraret

339 332 482 408 dandae
508 355 582 406 non
610 335 710 420 sunt,
736 331 951 432 praesertim
980 355 1063 407 cum
1094 333 1254 407 sciamus
1284 327 1540 408 Missionarios
1569 321 1686 404 male·

343 452 507 528 volorum
532 450 818 528 obtrectationes
847 457 884 525 et
911 449 1091 527 invidiam
1122 450 1322 542 sustinere,
1355 451 1445 551 quin
1475 454 1513 526 et
1539 449 1687 549 gravis-

342 571 445 646 simis
474 569 621 646 iniuriis
652 571 833 646 interdum
862 569 1052 647 lacessitos
1081 569 1209 661 fuisse,
1241 571 1321 672 ipso
1350 569 1572 648 Patriarcha
1614 592 1683 643 ne·

349 695 433 768 dum
462 690 683 766 connivente
713 715 756 764 ac
784 688 1055 783 dissimulante,
1079 691 1141 766 sed
1181 691 1259 791 ipsa
1297 689 1413 767 etiam
1444 714 1513 766 sua
1549 685 1686 788 agendi

347 814 492 888 ratione
521 819 757 912 provocante.

426 933 491 1008 223.
524 931 627 1019 Quae
656 955 738 1006 cum
770 930 822 1004 ita
850 929 952 1020 sint,
987 931 1221 1008 manifestum
1251 935 1342 1025 est,
1377 930 1473 1006 Ven.
1514 928 1688 1004 Fratrem

348 1051 540 1152 losephum
572 1047 830 1126 patriarchani
860 1048 944 1124 licet
971 1049 1109 1149 pluries
1140 1052 1332 1138 monitum,
1371 1050 1488 1126 Nobis
1516 1055 1553 1124 et
1589 1047 1687 1146 Apo-

351 1171 500 1246 stolicae
531 1167 619 1244 huic
647 1167 729 1244 Sedi
760 1191 879 1267 neque
907 1153 1131 1246 satisfecisse
1163 1193 1284 1268 neque
1323 1165 1414 1243 velle
1454 1162 1684 1241 satisfacere.

348 1289 444 1377 Quid
473 1290 569 1365 enim
600 1289 705 1362 iuvat
732 1287 952 1364 catholicum
982 1291 1113 1390 dogma
1140 1290 1183 1366 de
1204 1290 1375 1367 Primatu
1396 1287 1442 1363 B.
1459 1282 1564 1362 Petri
1584 1283 1689 1360 eius-

349 1433 420 1508 que
448 1431 700 1484 successorum
730 1407 908 1508 profiteri,
933 1408 1141 1486 catholicae
1171 1408 1254 1485 fidei
1282 1413 1322 1484 et
1340 1406 1575 1508 obedientiae
1594 1427 1687 1500 erga

352 1527 601 1628 Apostolicam
631 1526 759 1604 Sedent
788 1525 899 1603 toties
927 1527 1195 1605 declarationes
1221 1528 1399 1617 edidisse,
1432 1549 1515 1602 cum
1564 1520 1690 1623 reipsa

349 1651 472 1724 verbis
500 1672 611 1748 opera
637 1648 716 1722 eius
744 1651 870 1748 aperte
889 1647 1150 1748 refragentnrl
1181 1649 1311 1724 Nonne
1332 1645 1444 1721 immo
1463 1671 1506 1722 eo
1534 1643 1692 1720 inexcu-

351 1761 501 1845 sabilior
529 1767 572 1841 tit
599 1767 863 1858 contumacia,
894 1790 968 1867 quo
999 1769 1118 1870 magis
1146 1768 1310 1845 debitum
1343 1763 1578 1842 obedientiae
1606 1761 1691 1838 offi-

356 1889 453 1965 cium
482 1885 724 1988 agnoscitur?
757 1887 854 1960 Num
882 1895 1074 1987 praeterea
1101 1887 1165 1964 vel
1192 1889 1237 1964 ad
1265 1911 1310 1964 ea
1336 1885 1567 1961 decernenda
1594 1907 1691 1984 quae

353 2036 375 2085 a
403 2007 518 2085 Nobis
546 2008 720 2082 mandata
749 2011 836 2081 sunt
862 2005 1099 2108 Apostolicae
1127 2007 1232 2084 Sedis
1260 2005 1464 2081 auctoritas
1493 2027 1568 2080 uon
1605 2025 1692 2102 pro-

352 2128 535 2212 tenditur,
569 2129 634 2202 aut
662 2123 798 2200 suflicit
825 2127 1120 2203 communionem
1150 2126 1233 2200 fidei
1264 2125 1398 2201 habere
1427 2149 1512 2199 cum
1546 2124 1689 2199 casine

354 2250 584 2328 obedientiae
611 2244 837 2321 subiectione
886 2270 981 2346 quae
1009 2246 1152 2346 quidem
1169 2245 1271 2321 salva
1304 2243 1486 2320 catholica
1506 2243 1590 2331 tide,
1614 2239 1691 2318 dici

355 2393 427 2445 non
460 2365 644 2469 possuntt
676 2366 753 2440 Nos
781 2371 904 2440 tamen
935 2365 1113 2442 hactenus
1154 2390 1238 2441 cum
1285 2365 1412 2439 eodem
1461 2361 1692 2438 Patriarcha

356 2488 548 2564 mitissime
577 2487 744 2586 egimus,
779 2489 957 2583 tantaque
987 2486 1170 2586 patientia
1197 2509 1287 2586 erga
1323 2507 1407 2560 eum
1437 2483 1495 2558 usi
1525 2505 1687 2573 sumus,

355 2611 530 2710 quantam
562 2631 583 2680 a
613 2603 726 2681 Nobis
755 2607 950 2703 expectare
979 2604 1127 2681 minime
1155 2604 1355 2681 debuisset.
1390 2604 1530 2679 Verum
1560 2609 1598 2677 et
1627 2627 1693 2699 pa-

356 2729 489 2805 tientia
516 2733 554 2801 et
583 2723 843 2826 longanimitas
875 2726 1021 2800 modum
1041 2725 1205 2801 habeant
1223 2747 1373 2801 necesse
1392 2728 1475 2799 est:
1507 2745 1567 2809 ne,
1591 2723 1693 2798 sicut

358 2859 484 2925 monet.
512 2849 555 2922 B.
589 2846 791 2944 Gregorius
820 2845 979 2945 Magnus
1007 2843 1066 2948 (l)
1108 2845 1341 2945 predecessor
1379 2842 1542 2924 Noster.
1574 2842 1694 2917 nimia

358 2968 580 3045 resolutione
613 2965 787 3048 lenitatis,
808 2965 907 3040 ultra
937 2988 1047 3065 quam
1076 2988 1225 3041 necesse
1244 2964 1302 3040 est
1322 2963 1431 3062 vigor
1448 2961 1693 3039 districtionis

360 3086 580 3164 enrolliatur.
616 3081 663 3158 Et
691 3084 767 3183 ipse
795 3081 970 3160 Christus
999 3083 1179 3159 Dominus
1206 3079 1332 3157 docuit
1360 3103 1441 3154 eum
1470 3078 1535 3180 qui
1578 3078 1695 3154 semel

360 3218 398 3284 et
426 3207 557 3284 iterum
587 3203 769 3279 inutiliter
797 3206 970 3290 monitus,
993 3225 1112 3303 neque
1140 3201 1257 3302 ipsam
1287 3197 1494 3275 Ecclesiam
1514 3198 1690 3289 audierit,

361 3328 458 3403 sicut
484 3325 673 3401 ethnicum
702 3332 740 3398 et
767 3322 1002 3425 publicanum
1033 3321 1241 3397 habendum
1270 3343 1360 3395 esse.
1393 3317 1692 3404 Quamobrem

363 3445 526 3525 Romani
555 3441 769 3534 Pontifices,
803 3448 987 3543 potestate
1016 3439 1199 3518 divinitus
1236 3445 1387 3540 accepta
1422 3439 1462 3512 in
1501 3438 1694 3514 universos

366 3566 545 3664 cuiusque
573 3563 709 3640 ordinis
737 3569 775 3639 et
802 3562 999 3663 dignitatis
1027 3584 1137 3661 saepe
1175 3561 1232 3635 usi
1277 3558 1436 3633 suntad
1477 3556 1693 3636 Catholicae

365 3685 470 3764 Fidei
499 3691 538 3760 et
565 3684 721 3760 unitatis
749 3683 1000 3786 integritatem
1021 3679 1255 3770 servandam,
1275 3683 1314 3751 et
1331 3677 1378 3752 ad
1398 3673 1587 3750 rebellium
1606 3697 1695 3752 cou-

364 3807 563 3884 tumaciam
594 3804 913 3906 confringendam,
947 3805 1045 3906 ipsos
1072 3803 1189 3878 etiam
1216 3796 1458 3876 Patriarchas
1474 3819 1697 3872 excommu-

366 3928 526 4004 nicando
557 3925 751 4002 ueletiam
782 3950 863 4000 cum
893 3949 985 4025 opus
1019 3921 1089 3998 fuit
1133 3918 1371 4019 deponendo,
1403 3914 1456 3989 uti
1502 3911 1608 4016 plura
1657 3915 1697 3990 in

365 4045 550 4126 Orientali
581 4047 827 4122 Ecclesiarum
859 4043 1056 4121 annalibus
1084 4037 1254 4139 exempla
1281 4039 1426 4136 praesto
1454 4040 1565 4121 sunt,
1598 4057 1696 4132 quae

366 4192 428 4243 vos
457 4169 628 4268 ignorare
659 4167 810 4242 minime
840 4165 1006 4266 potestis.

446 4286 512 4362 24.
545 4287 700 4362 Necesse
728 4287 842 4389 igitur
870 4293 952 4375 est,
986 4297 1026 4356 ut
1056 4281 1130 4356 llos
1158 4278 1244 4354 licet
1271 4271 1376 4348 inviti
1408 4277 1445 4344 et
1487 4277 1694 4346 moerentes

366 4411 527 4484 eamdem
559 4406 690 4507 agendi
719 4407 898 4482 rationem
928 4427 1010 4478 cum
1040 4397 1203 4502 praefato
1237 4395 1327 4470 Ven.
1372 4389 1502 4464 Fratre
1543 4391 1698 4488 lusepbo

436 4562 479 4638 (l)
499 4564 596 4630 chul,
618 4563 727 4617 Pastor.
743 4569 818 4632 part.
833 4563 859 4615 3.
877 4559 987 4614 admon.
1002 4557 1044 4612 17.
