3674 5210
654 263 792 310 srrsroui
819 265 977 311 sacreum
1436 245 1480 314 25

154 359 351 460 potestate,
383 356 413 434 si
442 362 668 435 memoratae
696 361 948 437 constitutioni
979 363 1139 440 Nostrae
1167 361 1326 456 obedias,
1362 387 1488 440 exem-

154 479 254 580 plum
286 478 467 556 malorum
488 477 646 556 afferens
661 505 755 580 quae
775 482 870 557 Van.
893 481 1017 556 Fratri
1037 481 1212 558 Armenio
1232 483 1486 585 patriarchae,

154 600 192 672 et
219 597 416 673 catholicis
444 598 604 674 ciusdem
634 600 729 674 ritus
756 599 931 677 Ecclesiis
960 600 1226 704 contigerunt?
1256 604 1313 680 En
1334 629 1406 704 quo
1426 607 1489 680 de-

159 716 315 794 veniunt
340 716 403 792 nel
432 716 627 794 fortissimi
657 717 846 796 Ecclesiae
875 719 1087 811 praesules,
1121 747 1201 798 cum
1233 726 1403 799 recedere
1431 725 1487 800 in·

154 837 302 938 cipiunt
329 840 376 914 ab
405 839 473 914 hac
500 838 592 915 Sede
620 837 719 915 Bmi.
763 838 867 915 Petri
903 840 1158 939 Apostolorum
1201 842 1414 944 principie,
1447 843 1486 920 in

156 958 258 1033 cuins
285 958 473 1032 soliditate
501 957 671 1034 firmatur
698 959 861 1034 omnium
891 956 1070 1034 fortitudo
1098 959 1359 1038 sacerdotum!
1390 960 1488 1047 Qbe-

156 1077 332 1154 diendum
361 1101 441 1152 esse
469 1078 606 1152 saeculi
636 1078 886 1178 Principibus,
910 1078 1028 1178 iisque
1057 1080 1196 1154 tributa
1227 1080 1403 1158 solvenda
1420 1084 1485 1158 do-

155 1203 314 1273 cuerunt
342 1199 463 1274 sancti
491 1197 560 1274 Dei
590 1197 775 1298 Apostoli:
806 1201 843 1273 et
886 1221 921 1272 m
950 1197 1101 1275 ecclesia
1146 1199 1358 1290 catholica,
1390 1225 1485 1299 quae

153 1317 249 1394 hanc
278 1316 480 1393 doctrinam
511 1316 806 1392 constantissime
835 1317 957 1392 tenuit
983 1341 1028 1392 ac
1055 1326 1176 1404 tenet,
1209 1319 1414 1419 improbata
1442 1345 1485 1396 ac

153 1439 330 1512 damnata
362 1461 505 1538 semper
533 1435 604 1512 fuit
631 1434 780 1510 rebellio
810 1444 938 1510 contra
957 1435 1142 1537 legitimas
1163 1448 1377 1538 potestates.
1401 1441 1484 1516 Non
1601 1469 1604 1478 ’

152 1563 280 1634 tamen
312 1556 435 1632 licebit
462 1583 484 1632 a
512 1555 637 1632 debita
664 1554 800 1631 divinis
828 1563 865 1630 et
909 1555 1164 1631 ecclesiasticis
1210 1557 1353 1658 legibus
1399 1560 1484 1636 obe-

152 1678 296 1753 dientia
323 1681 361 1752 et
389 1676 457 1751 fide
485 1675 653 1764 delicere,
684 1677 715 1749 si
744 1672 830 1775 quid
858 1672 912 1748 eis
939 1676 1162 1751 contrarium
1183 1677 1304 1753 civilis
1324 1683 1485 1779 potestas

152 1797 377 1896 quandoque
407 1795 562 1871 iuberet.
595 1794 666 1883 Qui
696 1795 792 1869 enim
813 1793 908 1868 dixit
926 1795 1107 1872 reddenda
1123 1821 1202 1871 esse
1219 1797 1369 1874 Caesari
1389 1823 1485 1900 quae

153 1921 245 1991 sunt
272 1915 456 2006 Caesaris,
488 1915 583 1990 idern
616 1915 801 2014 praecepit
830 1915 1014 1990 reddenda
1041 1939 1121 1991 esse
1152 1908 1246 2008 Deo,
1280 1942 1376 2019 quae
1415 1919 1482 1996 Dei

151 2039 274 2112 sunt:
306 2041 452 2110 etcum
482 2036 525 2110 de
552 2032 693 2110 Christi
723 2031 870 2109 Domini
901 2034 1016 2109 nostri
1053 2037 1256 2138 praeceptis
1296 2039 1485 2116 servandis

152 2163 343 2255 ageretur,
376 2153 545 2256 Apostoli
573 2149 757 2254 intrepide
784 2153 1080 2252 pronuntiarunt
1106 2179 1229 2232 coram
1249 2158 1403 2260 publicis
1422 2183 1486 2260 po-

151 2275 380 2352 testatibus:
414 2273 560 2350 obedire
588 2276 733 2373 oportet
762 2272 838 2347 Deo
867 2273 986 2375 magis
1027 2299 1136 2374 quam
1183 2274 1405 2354 hominibus.
1446 2279 1486 2358 Si

151 2402 209 2470 tot
237 2395 554 2470 sanctissimorum
582 2395 750 2468 virorum
779 2401 817 2467 et
854 2397 1020 2469 veterum
1058 2395 1263 2495 martyrum
1301 2400 1483 2500 exempla,

151 2515 216 2614 qui
248 2515 451 2615 asperrima
478 2537 644 2612 quaeque
674 2512 770 2612 passi
797 2521 883 2588 sunt
903 2513 1182 2614 apotastatibus
1203 2513 1313 2592 huius
1332 2520 1482 2610 saeculi,

155 2661 201 2711 ne
233 2660 257 2710 a
285 2635 431 2710 divinae
449 2633 509 2707 vel
528 2633 796 2708 ecclesiasticae
811 2633 903 2734 legis
923 2633 1089 2709 custodia
1116 2635 1340 2730 recederent,
1365 2647 1487 2714 mente

149 2754 318 2831 recolere
347 2763 383 2828 et
413 2752 617 2854 recogitare
647 2774 719 2826 non
747 2759 868 2840 vacat,
899 2751 1140 2853 circumspice
1167 2754 1389 2846 catholicas,
1422 2758 1487 2834 llo·

151 2874 299 2965 clasiae,
322 2879 397 2947 tem
428 2895 521 2972 quae
549 2872 589 2946 in
617 2869 770 2948 Oriente
789 2881 876 2948 sunt
895 2873 1108 2972 praesertim
1129 2873 1359 2968 Armeniam,
1376 2902 1484 2978 quam

150 3017 250 3095 quae
278 2993 317 3068 in
345 2991 557 3079 Occidente,
591 2991 819 3090 potissimum
850 2991 1104 3068 Germanicam
1147 2999 1185 3068 et
1220 2993 1483 3089 Helveticam;

151 3115 203 3190 ibi
235 3113 406 3214 episcopi,
433 3110 570 3201 clerus,
603 3114 642 3185 et
668 3111 848 3211 primores
876 3111 986 3186 etiam
1015 3133 1063 3185 ex
1090 3109 1207 3206 laicis,
1225 3115 1384 3190 debitam
1404 3116 1485 3217 ple-

152 3257 314 3332 namque
328 3231 435 3306 fldem
456 3241 493 3305 et
513 3229 773 3306 subiectionem
792 3229 966 3330 legitimis
1004 3233 1250 3330 potestatibus
1279 3243 1481 3324 servantes,

151 3375 282 3428 earum
312 3351 430 3425 minas
460 3373 531 3424 uon
560 3349 817 3439 reformidant,
851 3373 933 3425 cum
962 3351 1143 3426 reddenda
1170 3361 1256 3428 sunt
1285 3355 1361 3444 Deo
1390 3381 1484 3456 quae

156 3471 225 3548 Dei
252 3475 369 3561 sunt;
401 3493 519 3569 neque
548 3491 748 3568 poenarum
780 3473 877 3544 metu
901 3465 1093 3544 veritatem
1109 3477 1177 3545 aut
1196 3469 1355 3549 officinm
1376 3499 1484 3551 suum

159 3591 330 3691 produnt,
361 3589 420 3664 vel
448 3590 493 3662 ab
522 3585 734 3687 Apostolica
763 3589 853 3664 Sede
882 3590 1086 3679 recedunt;
1116 3592 1177 3664 sed
1218 3592 1382 3692 rapinam
1424 3596 1487 3671 bo-

158 3733 304 3801 norum,
337 3731 519 3798 carceres,
551 3705 703 3782 exilium
747 3707 987 3782 libentissime
1014 3705 1151 3799 ferunt,
1185 3710 1341 3786 scientes
1382 3715 1487 3814 opti-

160 3855 255 3908 nam
284 3855 323 3906 se
348 3831 484 3906 habere
512 3828 709 3930 repositam
739 3829 897 3929 gratiam
918 3833 957 3904 et
974 3831 1175 3903 mercedem
1195 3831 1232 3906 in
1253 3831 1376 3908 coelis.

241 3981 258 4024 s
281 3950 362 4039 Quo
390 3957 511 4024 autem
542 3953 738 4050 praetensa
765 3954 830 4022 tua
857 3946 940 4023 iura
970 3948 1006 4023 in
1036 3948 1278 4024 Malabariam
1325 3951 1481 4043 tuearis

160 4071 292 4147 ameris
320 4069 480 4146 eiusdem
510 4067 671 4167 regionis
701 4067 822 4143 ddeles
851 4091 893 4142 eo
924 4068 1002 4166 ipso
1030 4067 1099 4142 tibi
1121 4068 1304 4144 subiectos
1325 4095 1404 4146 esse
1423 4073 1488 4148 de-

162 4193 254 4284 bere,
286 4191 383 4291 quod
411 4187 640 4264 chaldaicum
670 4187 781 4262 ritum
812 4191 977 4277 teneant,
1010 4192 1047 4262 et
1075 4187 1173 4286 quod
1208 4188 1394 4265 chaldaeis
1423 4217 1487 4292 pa·

160 4308 333 4386 triarchis
360 4307 542 4408 quondam
574 4304 721 4380 obnoxii
751 4303 901 4378 fuerint.
922 4304 1098 4379 Nostrum
1120 4328 1193 4379 non
1214 4315 1270 4380 est
1289 4305 1485 4385 historicas

160 4426 390 4502 quaestiones
421 4425 574 4526 ingredi,
607 4426 649 4498 de
678 4424 810 4524 quibus
838 4423 970 4497 diversi
1000 4424 1145 4500 diversa
1183 4427 1360 4502 sentiunt.
1404 4427 1485 4503 Etsi

161 4521 282 4624 autem
312 4545 365 4622 ita
392 4571 431 4622 se
458 4569 518 4620 res
546 4544 735 4637 haberent,
771 4545 824 4618 uti
855 4546 931 4644 ipse
959 4543 1064 4640 dicte,
1095 4568 1169 4620 non
1200 4555 1323 4621 tamen
1351 4571 1483 4649 propo-
