3622 5232
365 206 409 298 tl
797 237 1047 302 orsrnrorrroruu
1072 242 1109 300 nr
1132 243 1251 301 creauit

367 351 436 428 ties
465 350 502 426 in
530 348 651 452 prima
678 347 818 426 chorali
847 350 1000 426 servitio
1027 350 1141 442 adest,
1175 350 1284 427 toties
1323 342 1606 428 distributiones
1636 341 1694 427 ln-

366 469 556 547 crilacere.

474 593 521 668 V.
546 593 621 666 Neo
648 589 924 668 distributiones
951 594 1096 668 tantum
1140 615 1221 666 cum
1264 615 1436 692 praesens
1482 597 1538 666 est
1566 593 1626 668 sed
1656 597 1696 666 et

365 713 509 789 fractus
547 711 683 814 proprii
714 711 880 786 beneficii
919 712 1002 788 dun]
1042 714 1260 813 quandoque
1300 713 1407 788 abest
1447 736 1532 787 suos
1574 711 1696 789 facere

366 828 666 906 beneficiarium:
705 828 900 904 dnmmodo
940 828 981 905 in
1025 831 1234 906 animarum
1264 831 1397 905 bonum
1430 837 1472 907 et
1506 831 1695 908 Ecclesiae

364 946 586 1024 universalis
613 945 804 1023 servitium
835 971 983 1046 operam
1015 953 1188 1047 praestet.

471 1067 536 1143 VI.
560 1067 654 1142 lllum
683 1090 770 1142 vero
798 1066 985 1140 absentem
1004 1067 1121 1142 teneri
1150 1069 1196 1144 ad
1224 1067 1488 1168 providendum
1511 1092 1579 1170 pro
1599 1069 1696 1145 Mis·

362 1185 415 1262 sis
441 1187 620 1262 turnatiro
651 1183 878 1262 celebrandis
899 1183 1127 1261 functionum
1148 1189 1333 1264 certarum
1353 1211 1501 1281 caussa3
1524 1193 1696 1272 etiamen

363 1304 572 1384 huiusmodi
603 1330 696 1381 onus
724 1305 768 1380 ad
796 1304 1002 1380 adventitia
1030 1305 1234 1384 conferri.

927 1516 1131 1558 *ΦΘΟ-

806 1719 1245 1800 carenacum-n

546 2244 603 2306 Dic
626 2240 649 2309 8
677 2242 754 2308 lolii
780 2239 874 2308 1876
898 2242 993 2309 6117
1022 2245 1172 2310 Ianuarii
1196 2243 1308 2317 1877.

441 2523 690 2604 Oorrrnaoruu
728 2523 855 2602 Facrr.
897 2525 1073 2603 Sacerdos
1119 2526 1271 2604 Sanctes
1301 2527 1347 2601 N.
1398 2525 1585 2603 Dioeoesis
1632 2526 1686 2604 V.

362 2667 459 2720 anno
495 2642 606 2723 1873.
639 2649 789 2745 praevia
818 2644 919 2721 Solis
951 2644 1183 2744 apostolieae
1213 2647 1496 2746 approbatione,
1530 2647 1690 2748 aregio

363 2763 541 2839 Denranio
570 2762 769 2840 Ecclesiam
799 2766 894 2841 Divo
923 2765 1038 2841 Petro
1066 2765 1225 2840 dicatam
1265 2763 1485 2864 acquisivit;
1517 2765 1575 2842 cui
1605 2789 1692 2866 par·

364 2908 447 2958 vum
477 2882 702 2960 Ouenobiurn
731 2886 770 2958 et
798 2909 887 2986 ager
920 2883 1156 2976 uniebantur,
1188 2879 1478 2982 Gapuccinarum
1520 2881 1694 2984 Religio-

364 3027 487 3078 sarum
519 3001 738 3102 proprietas.

442 3120 537 3197 Idem
568 3120 746 3197 Sacerdos
775 3120 844 3196 hac
871 3117 910 3196 in
955 3116 1122 3195 Ecclesia
1158 3141 1255 3194 anno
1300 3116 1395 3193 1821
1443 3117 1687 3219 capellaniam

364 3247 574 3341 perpetuam
606 3237 798 3329 instituit,
831 3262 914 3314 cum
945 3262 1056 3314 onere
1092 3235 1290 3338 Capellano
1328 3261 1393 3338 pro
1430 3245 1594 3338 tempore
1624 3262 1692 3313 sex
1805 3269 1806 3274 ¹

362 3361 497 3435 Missas
525 3359 564 3434 in
590 3359 747 3460 singulis
776 3359 1012 3436 hebdomadis
1041 3383 1107 3460 pro
1135 3357 1451 3457 Capaccinarum‚
1483 3381 1689 3458 earumque

364 3475 638 3554 benefactorum
666 3477 862 3553 animabus
890 3475 1112 3552 celebrandi.
1147 3475 1195 3549 lli.
1223 3501 1376 3576 parvum
1398 3477 1614 3551 coenobium
1643 3476 1689 3551 ad

361 3621 468 3674 usum
498 3595 755 3688 habitationis,
788 3619 919 3696 agrum
957 3620 1044 3672 vero
1078 3603 1116 3672 et
1149 3595 1223 3672 alia
1265 3593 1316 3670 29
1361 3600 1484 3671 terrac
1529 3593 1691 3672 frustula
1805 3607 1806 3610 ’

362 3743 426 3820 pro
454 3716 610 3793 honesta
635 3717 906 3793 sustentatione
935 3716 1135 3816 Capellano
1165 3714 1389 3817 adsignavit.

440 3838 480 3915 ln
508 3837 666 3940 publicis
706 3835 843 3913 tabulis
871 3837 915 3912 ad
954 3861 1031 3912 rem
1078 3837 1240 3912 exaratis
1279 3835 1385 3912 adiici
1416 3836 1508 3911 haec
1536 3835 1690 3912 voluit:

360 3960 535 4061 quoniam
564 3959 773 4059 proprietas
791 3957 1002 4060 praedictae
1022 3955 1208 4032 Ecclesiae
1243 3963 1431 4032 reservata
1452 3979 1600 4032 manere
1627 3956 1694 4031 de·
1805 4033 1806 4038 ,

360 4079 422 4155 bet
448 4075 667 4153 haeredibus
694 4083 733 4150 et
759 4077 1030 4152 successoribus
1058 4074 1301 4167 institutoris
1323 4075 1375 4150 sic
1403 4074 1512 4152 iidem
1534 4099 1695 4151 oneran-

359 4202 423 4274 tur
450 4197 573 4272 delritt
601 4195 871 4272 restauratione
878 4254 956 4270 .....
963 4195 1012 4269 Et
1039 4196 1190 4296 insuper
1222 4195 1381 4270 adiecitr
1412 4219 1494 4270 curn
1532 4195 1695 4271 debeant
1805 4231 1806 4238 1

360 4319 453 4394 bona
481 4317 684 4419 praedicta,
719 4341 793 4393 una
820 4340 905 4392 oum
935 4339 1048 4416 parvo
1089 4314 1275 4392 Coenobio
1302 4322 1521 4417 perpetuam
1550 4316 1692 4391 consti·

359 4443 462 4515 tuere
490 4440 527 4512 et
555 4435 814 4537 intangibilem
842 4437 961 4512 dotem
992 4431 1240 4536 capellaniae,
1277 4435 1512 4510 interdicitur
1539 4435 1693 4510 omnino

359 4557 473 4636 eliam
502 4553 656 4634 minima
683 4553 874 4664 dispositio
902 4554 979 4630 sive
1007 4555 1221 4646 distracti03
1251 4553 1417 4657 quinimo
1446 4554 1483 4628 in
1511 4579 1695 4655 quocum-
