3674 5210
718 295 890 342 meconio
1424 291 1465 355 ‚²57

138 383 213 458 dies
227 383 453 463 deteriorem
467 388 608 464 ordinis
622 397 661 468 et
675 395 957 472 constitutionis
967 399 1305 478 ecclesiasticarum
1321 427 1461 499 reruni,

137 501 289 582 videndi
305 507 468 584 exitum
484 511 713 606 animarum,
734 515 823 614 quin
839 540 987 620 operam
1005 522 1172 595 nostram
1190 521 1233 598 ad
1255 527 1313 598 tot
1328 539 1465 602 damna

137 631 347 729 opportune
366 630 573 731 reparanda
594 631 807 734 impendere
825 638 864 710 et
882 661 1024 712 navare
1044 643 1243 741 possimus.
1267 641 1336 718 His
1355 642 1411 720 ila
1425 669 1464 717 sc

137 745 361 822 habentibus
390 772 512 824 nonne
540 747 640 827 noua
658 753 911 831 amarulentia
938 755 1063 833 irrisio
1091 767 1126 834 el
1159 759 1359 836 ludibrium
1385 765 1466 838 exi-

136 866 367 944 stimandum
397 873 456 944 est
474 867 568 946 illud
583 872 677 970 quod
694 895 802 976 saepe
817 875 970 969 dicitur,
988 902 1119 980 nempe
1135 879 1263 955 debere
1283 881 1359 957 Nos
1378 907 1467 959 con-

136 986 343 1064 ciliationis
357 995 396 1064 et
416 990 632 1068 concordiae
647 993 804 1070 consilia
818 1019 902 1070 cum
917 997 1026 1072 novis
1043 996 1335 1076 dominatoribus
1352 999 1460 1090 inire,

138 1131 220 1184 cum
250 1108 344 1184 haec
371 1109 647 1188 conciliationis
667 1114 765 1190 ratio
784 1138 858 1190 non
878 1114 980 1192 aliud
999 1141 1045 1192 ex
1068 1123 1174 1219 parte
1194 1125 1324 1196 nostra
1341 1127 1460 1214 esset,

139 1229 209 1306 nisi
238 1230 394 1306 omnino
422 1230 577 1333 prodere
609 1257 683 1308 non
716 1233 823 1310 modo
851 1259 999 1312 summa
1027 1243 1185 1314 Sanctae
1220 1239 1331 1316 huius
1360 1243 1463 1318 Sedis

140 1354 234 1446 iura,
253 1378 348 1455 quae
363 1359 555 1456 tamquam
571 1378 718 1432 sacrum
730 1362 768 1433 et
785 1357 1088 1462 inviolabilem<
1104 1386 1122 1437 s
1140 1369 1219 1436 turn
1236 1361 1281 1437 ad
1291 1362 1387 1438 banc
1401 1387 1466 1438 su-

140 1498 303 1575 premam
333 1473 549 1551 catbedram
577 1479 699 1552 evecti
728 1477 970 1554 custodienda
997 1505 1039 1555 ac
1068 1480 1206 1557 tuenda
1234 1481 1460 1582 recepimus

139 1593 198 1670 sed
218 1596 335 1670 etiam
351 1600 390 1670 et
406 1595 601 1698 praecipue
620 1595 772 1698 prodere
791 1596 963 1674 divinum
984 1599 1235 1676 ministerium
1257 1601 1370 1676 Nobis
1397 1626 1464 1704 pro

138 1713 261 1788 salute
280 1713 493 1789 animarum
521 1713 757 1810 commisum,
781 1715 927 1793 tradere
956 1717 1224 1794 naen-ditatam
1254 1719 1401 1796 Obristi
1423 1721 1464 1797 in

138 1857 273 1908 manus
291 1832 533 1909 auctoritatis
555 1834 780 1928 huiusmodi,
798 1837 904 1912 cuius
924 1860 1035 1938 opera
1050 1838 1094 1912 ud
1115 1837 1237 1940 ipsum
1256 1837 1465 1916 catholicae

137 1953 332 2054 religionis
352 1978 502 2047 nomen,
524 1955 555 2030 si
576 1953 657 2030 fieri
677 1961 816 2058 posset,
838 1955 1051 2051 delendum,
1082 1956 1325 2059 diriguntur?
1354 1959 1464 2036 Nunc

137 2069 304 2173 profecto
332 2076 521 2148 terrarum
557 2074 635 2151 orbi
671 2075 773 2151 claro
809 2075 848 2151 in
887 2075 1028 2152 lumine
1064 2077 1237 2178 omnique
1272 2101 1320 2154 ex
1353 2083 1462 2180 parte

136 2191 400 2293 conspicienda
427 2195 625 2295 praebetur
651 2194 711 2269 vis
738 2195 849 2297 vigor
876 2193 966 2272 tides
994 2218 1124 2272 earum
1150 2196 1458 2289 concessionum,

136 2312 269 2412 quibus
296 2313 343 2388 ad
373 2312 538 2390 fidelium
566 2313 779 2391 illusionem
809 2315 936 2392 hostes
965 2315 1085 2392 nostri
1113 2315 1325 2392 libertatem
1346 2317 1386 2391 et
1403 2312 1462 2391 di·

137 2437 327 2536 gnitatem
356 2435 521 2513 Romani
550 2435 747 2512 Pontifiois
767 2438 864 2513 tucri
886 2460 925 2512 se
946 2435 1045 2514 velle
1071 2439 1337 2526 ostentarunt,
1368 2457 1463 2536 quae

138 2554 427 2633 tundamentum
456 2579 566 2632 suum
587 2555 750 2659 positum
770 2556 909 2634 babent
936 2557 976 2633 in
997 2557 1153 2634 arbitrio
1181 2581 1223 2630 ac
1245 2553 1375 2634 hostili
1398 2577 1467 2632 vo-

137 2676 287 2752 luntate
303 2676 525 2780 reipublicae
540 2678 829 2770 moderatorum,
851 2700 1006 2780 quorum
1024 2678 1063 2752 in
1080 2679 1266 2778 potestate
1281 2677 1339 2751 est
1356 2674 1466 2751 iuxta

136 2818 206 2871 sna
234 2795 393 2872 consilia
419 2800 459 2872 et
487 2797 667 2889 rationes,
698 2821 741 2873 ac
770 2820 836 2900 pro
872 2796 990 2873 lubito
1017 2819 1080 2872 eas
1107 2795 1252 2888 altare,
1287 2817 1463 2888 servare,

137 2915 399 3017 interpretari,
429 2921 540 3019 atque
568 2917 781 2993 executioni
809 2916 1000 2993 mandare.
1024 2915 1315 3016 Haudquaquam
1346 2917 1462 3007 certe,

141 3037 425 3138 'mulquaquam
453 3039 650 3114 Romanus
679 3036 859 3114 Pontifex
886 3041 947 3113 est
965 3041 1033 3112 aut
1050 3034 1125 3111 erit
1149 3057 1313 3136 unquam
1333 3033 1465 3136 plenae

141 3156 327 3234 libertatis
354 3181 526 3260 compos,
557 3182 600 3234 ac
628 3181 718 3234 suae
746 3156 876 3260 plenae
914 3157 1138 3259 potestatis,
1167 3154 1283 3230 donec
1310 3152 1397 3230 aliis
1425 3153 1465 3229 in

140 3277 227 3352 urbe
257 3301 326 3352 sua
343 3277 623 3354 dominantibus
647 3277 883 3354 subiiciatur.
913 3275 1002 3352 Alia
1020 3275 1101 3351 eius
1119 3295 1201 3351 sors
1220 3273 1365 3351 Romae
1383 3297 1465 3350 esse

138 3417 214 3472 non
243 3397 369 3498 potest
395 3397 469 3474 nisi
498 3403 564 3474 aut
593 3397 757 3500 supremi
787 3395 976 3499 Principis
1004 3401 1068 3470 aut
1099 3394 1264 3497 captivi:
1297 3418 1364 3470 nec
1397 3419 1469 3469 un·

139 3541 248 3616 quam
269 3515 478 3594 catholicae
497 3517 689 3594 Ecclesiae
702 3516 903 3592 universae
917 3539 991 3617 pax
1005 3512 1188 3591 securitas
1207 3511 1466 3612 tranquillitas

139 3641 312 3713 constare
342 3638 494 3739 poterit,
526 3638 641 3713 donec
671 3636 893 3714 exercitium
928 3635 1091 3737 supremi
1124 3633 1316 3735 apostolici
1354 3632 1468 3710 mini-

141 3757 247 3832 sterii
275 3758 476 3834 obnoxium
505 3757 620 3834 fuerit
640 3755 776 3834 studiis
795 3755 976 3859 partium,
1000 3755 1155 3832 arbitrio
1173 3755 1462 3849 dominantium,

144 3875 285 3953 vicibus
313 3877 552 3980 politicarum
571 3877 812 3971 electionum,
833 3873 1002 3953 consiliis
1020 3880 1059 3952 et
1077 3875 1247 3977 operibus
1271 3874 1464 3951 hominum

139 3995 362 4074 callidorum
391 4024 433 4073 ac
464 3984 670 4074 utilitatem
699 3997 867 4073 iustitiae
896 3995 1202 4098 praeferentium.

222 4119 276 4194 At
303 4119 344 4193 in
372 4118 493 4194 tantis
517 4117 626 4193 malis
654 4119 758 4218 queis
787 4117 996 4193 laboramus
1024 4121 1063 4192 et
1091 4115 1297 4218 premimur
1323 4140 1369 4191 ne
1398 4141 1467 4218 pu-

141 4246 233 4322 tetis
261 4243 504 4322 Venerabiles
534 4245 685 4322 Fratres
714 4249 781 4322 aut
800 4246 967 4321 animuin
988 4245 1169 4320 Nostrum
1197 4242 1359 4319 fractum
1379 4267 1468 4320 con-

141 4363 279 4461 cidere,
310 4371 378 4442 aut
405 4365 510 4442 illam
534 4368 570 4440 in
592 4366 703 4441 Nobis
724 4365 895 4442 fiduciam
915 4363 1071 4439 delicere
1091 4390 1164 4464 qua
1186 4362 1468 4465 Omnipotentis

141 4494 181 4565 et
209 4488 367 4565 Aeterni
395 4487 545 4564 decreta
575 4490 830 4589 expectamus.
863 4487 939 4562 Nos
972 4485 1118 4586 qu'dem
1156 4484 1354 4560 consilium
1383 4509 1467 4560 cum

144 4609 345 4685 inissemus
373 4613 457 4711 post
485 4607 762 4710 occupationem
792 4607 967 4684 dictionis
988 4607 1148 4681 Nostrae
1169 4606 1311 4682 Rornae
1346 4607 1469 4704 potius
