3622 5232
352 199 413 262 166
954 213 1119 261 innocnrm

350 313 433 412 qnid
465 308 564 388 inter
591 309 759 388 homines
787 310 924 388 divinis
952 318 991 387 et
1017 311 1187 387 humanis
1216 308 1357 386 iuribus
1386 308 1539 399 eversis,
1569 304 1680 384 iusti-

350 430 402 504 tia
431 433 469 507 et
499 432 656 506 veritate
684 454 873 532 oppressa,
905 431 1172 530 expectandum
1202 428 1277 519 sit,
1312 427 1526 528 producitur
1563 425 1678 501 etiam

351 547 467 626 nihilo
495 549 685 626 remissior
712 549 900 627 dimicatio
930 559 1055 625 nostra
1084 550 1188 624 tanto
1216 546 1374 623 nobilior
1392 553 1429 621 at
1447 570 1515 622 sna
1543 551 1681 621 natura

353 671 624 770 praestantior,
656 673 797 770 quanto
824 671 867 744 ao
906 693 1055 746 oausam
1085 671 1122 742 et
1149 665 1440 745 incolumitatem
1470 690 1543 743 non
1571 663 1679 744 Reli·

350 788 471 891 gionis
509 788 625 864 solum
661 790 721 864 sed
750 789 871 865 oivilis
898 788 1025 889 ¹ipsius
1052 786 1246 865 Societatis
1275 788 1457 888 partinet.
1498 790 1536 862 et
1563 787 1607 862 ad
1636 813 1681 863 ea

353 908 536 1012 principia
572 909 812 985 restauranda
849 933 944 1010 qnao
972 909 1071 1008 paris
1101 911 1139 982 et
1167 931 1276 984 verae
1304 904 1560 1008 prosperitatis
1594 906 1682 982 lun-

351 1030 524 1106 damonta
550 1036 648 1105 sunt.
683 1028 915 1129 Propositum
946 1029 1072 1128 itaque
1091 1030 1279 1106 certamen
1298 1027 1411 1102 armis
1433 1025 1587 1108 militiae
1614 1052 1684 1103 no·

352 1154 452 1224 strae
481 1147 640 1224 viriliter
676 1155 880 1243 certemus,
911 1150 950 1224 in
979 1151 1111 1224 semita
1141 1147 1355 1224 indiciorum
1385 1171 1534 1222 suorum
1568 1148 1683 1223 susti·

353 1293 508 1344 neamus
536 1269 759 1359 Dominum,
792 1267 891 1344 Eum
919 1269 1058 1343 fervide
1087 1273 1125 1344 et
1152 1266 1563 1365 humilitorobseorare
1595 1291 1682 1368 por·

352 1415 482 1492 ganrus
511 1405 552 1466 ut
579 1389 764 1489 imperans
793 1387 913 1465 ventis
941 1393 978 1466 ot
1006 1387 1099 1464 mari
1126 1384 1428 1486 tranquillitatem
1449 1386 1613 1477 roduoat3
1634 1412 1679 1462 ac

352 1515 495 1590 interea
514 1534 581 1586 neo
602 1512 756 1586 adverso
786 1535 852 1586 noc
878 1509 1082 1610 potentiam
1111 1505 1275 1583 hostium
1304 1507 1529 1598 timeamus3
1560 1505 1682 1586 Maior

354 1640 408 1710 est
435 1628 534 1710 enim
563 1633 627 1730 qui
655 1631 695 1707 in
724 1630 828 1707 nobis
856 1635 925 1721 est,
958 1654 1068 1730 qnam
1095 1628 1159 1730 qui
1188 1626 1228 1703 in
1256 1628 1405 1704 mundo.
