3674 5210
337 207 378 287 te
913 231 1078 288 tmocorto

336 339 460 428 nuliis,
485 335 806 414 indiscriminatim
837 336 1013 440 legitimis
1033 339 1308 439 possessoribus
1337 331 1466 416 eiectis
1486 340 1663 442 occupata

334 460 457 543 fuisse.
479 462 517 536 et
545 459 584 534 in
615 457 787 563 profanos
804 483 890 536 osus
904 459 1102 535 destinata.
1126 462 1309 560 Adempta
1343 461 1495 562 insuper
1515 461 1665 538 fuerunt

334 579 505 679 potestati
537 579 704 669 Nostrae,
738 582 777 654 et
804 602 991 655 sacrorum
1023 578 1276 655 ministrorum
1305 579 1503 674 curationi,
1526 588 1583 658 tot
1601 584 1664 683 pia

321 719 446 800 ¹opera
473 704 511 775 et
540 699 711 773 instituta
737 697 887 773 caritati
916 723 957 774 ac
987 696 1250 774 beneficentiae
1278 703 1507 775 exercendae
1535 726 1662 778 conse-

332 823 461 913 crata,
495 842 649 918 quorum
679 816 856 892 nonnulla
884 816 1038 916 egestati
1070 815 1225 918 aliisque
1254 817 1411 893 miseriis
1439 825 1477 893 et
1504 821 1664 896 uecessi-

331 939 473 1016 tatibus
502 936 736 1013 sublevandis
766 935 860 1010 mira
889 935 1139 1013 munificentia
1177 937 1246 1037 ipsi
1266 937 1428 1014 Romani
1461 939 1663 1017 Pontifices

331 1061 638 1138 praedecessores
669 1055 790 1132 Nostri
820 1061 857 1130 et
886 1060 1097 1131 exterarum
1145 1056 1314 1156 gentium
1352 1057 1414 1156 pia
1455 1055 1659 1134 liberalitas

331 1178 593 1266 condideraot;
624 1201 667 1252 ae
694 1175 724 1251 si
743 1201 817 1278 qua
837 1201 882 1251 ex
903 1177 948 1252 iis
975 1173 1143 1275 publicae
1162 1175 1330 1252 caritatis
1350 1176 1521 1276 operibus
1542 1178 1663 1255 adhuc

323 1301 400 1375 'sub
428 1297 615 1374 Ecclesiae
647 1294 840 1396 vigilantia
870 1301 1033 1388 manent,
1065 1294 1125 1370 lex
1153 1297 1333 1397 quaedam
1360 1319 1435 1372 non
1464 1297 1582 1372 serius
1603 1323 1663 1374 rc-

329 1415 448 1518 ganda
476 1439 557 1490 esse
586 1413 714 1500 fertur,
746 1437 821 1513 qua
849 1411 913 1487 illa
941 1437 964 1487 a
993 1408 1106 1488 Nobis
1134 1411 1403 1488 subtrahantur
1439 1419 1504 1488 aut
1543 1413 1662 1488 fundi-

330 1535 428 1612 ditus
457 1533 696 1611 aboleantur.
731 1530 845 1608 veluti
875 1530 1019 1633 publica
1064 1533 1285 1608 documenta
1330 1554 1403 1606 nou
1446 1531 1553 1606 dubie
1597 1558 1664 1611 nec

330 1655 484 1731 obscure
512 1652 793 1754 praenunciant.
829 1649 997 1727 Vidimus
1026 1654 1230 1750 praeterea,
1255 1648 1364 1751 idque
1382 1650 1510 1725 anima
1527 1653 1663 1727 Nostra

331 1795 444 1872 supra
463 1793 608 1845 omnem
628 1771 767 1845 modum
790 1769 912 1845 dolore
932 1767 1097 1868 perculsa
1112 1792 1451 1862 commemoramus,
1477 1770 1662 1849 Ecclesiae

330 1889 544 1968 auctoritati
574 1893 613 1964 et
642 1889 878 1963 moderationi
909 1887 1128 1963 subductum
1167 1886 1354 1988 publicum
1393 1915 1436 1967 ac
1473 1891 1659 1992 privatum

329 2011 578 2086 doctrinarum
607 2016 645 2082 et
673 2008 805 2083 artium
838 2006 1115 2106 magisterium,
1149 2009 1186 2080 et
1214 2006 1363 2080 docendi
1404 2033 1537 2084 munus
1573 2034 1664 2087 con-

332 2127 508 2204 creditum
539 2127 752 2203 hominibus
780 2143 974 2224 suspectae
1002 2123 1097 2214 fidei,
1118 2130 1183 2198 aut
1210 2126 1348 2224 apertis
1378 2125 1564 2203 Ecclesiae
1594 2129 1662 2205 ini-

331 2248 435 2323 micis
477 2255 513 2324 et
553 2246 615 2349 qui
654 2271 726 2322 nou
777 2248 994 2322 dubitarunt
1029 2245 1202 2320 atheismi
1247 2247 1471 2347 impietatem
1515 2250 1662 2348 publice

331 2367 509 2469 profiteri.

410 2488 605 2590 Occupatis
633 2489 704 2564 hac
732 2489 875 2564 ratione
903 2495 940 2563 et.
967 2488 1104 2561 eversis
1140 2488 1196 2560 tot
1237 2487 1417 2584 religiosis
1465 2491 1662 2591 magnique

332 2607 508 2683 momenti
537 2607 849 2696 institutionibus
877 2607 909 2680 id
930 2629 1003 2682 uon
1032 2604 1123 2679 satis
1150 2605 1268 2680 visum
1300 2613 1354 2681 est
1372 2607 1457 2682 tiliis
1476 2607 1662 2684 Ecclesiae

331 2726 578 2802 desertoribus
606 2727 677 2802 uisi
708 2728 816 2802 etiam
848 2725 1110 2827 impedimenta
1137 2728 1320 2824 ponerent
1348 2727 1549 2803 sanctuarii
1578 2727 1663 2802 Mi-

332 2847 461 2921 oistris
480 2870 528 2922 ne
546 2869 650 2950 suum
679 2843 871 2946 spirituale
901 2843 1146 2919 ministerium
1167 2841 1318 2919 valeant
1339 2844 1450 2920 libere
1469 2869 1658 2940 exercere3

332 2969 446 3066 atque
473 2965 547 3040 huc
573 2966 686 3040 etiam
718 2963 858 3040 nefarie
886 2967 1103 3064 perventum
1133 2965 1192 3037 est
1219 2986 1264 3036 ea
1293 2961 1372 3064 lege
1400 2964 1437 3039 in
1466 2965 1551 3040 aula
1580 2989 1661 3041 ora-

333 3092 451 3160 torum
481 3084 624 3185 legibus
651 3085 810 3160 ferendis
839 3083 1037 3159 novissime
1065 3082 1295 3182 approbata,
1328 3109 1422 3183 quae
1463 3085 1506 3160 de
1555 3081 1663 3161 Cleri

332 3206 518 3282 abusibus
546 3205 773 3295 inscribitur,
797 3205 902 3279 cuius
931 3203 1058 3304 vigore
1086 3201 1232 3278 crimini
1260 3205 1300 3279 et
1327 3227 1446 3280 noxae
1465 3208 1663 3282 vertuntur

333 3325 525 3426 Episcopis
553 3325 715 3424 itemque
743 3321 1022 3414 sacerdotibus,
1056 3346 1098 3397 ac
1125 3322 1303 3422 gravibus
1331 3347 1531 3424 poenarum
1576 3349 1661 3401 san-

333 3444 515 3520 ctionibus
544 3434 771 3522 mulctantur
798 3443 823 3518 ii
852 3447 969 3536 actus,
992 3468 1085 3544 quos
1114 3446 1181 3519 sub
1209 3443 1388 3521 insidioso
1407 3446 1557 3521 nomine
1576 3471 1663 3548 per-

332 3565 552 3641 turbationis
582 3563 829 3639 conscientiae
856 3587 965 3663 qnam
995 3564 1125 3640 dicunt
1153 3563 1346 3666 publicae,
1382 3571 1446 3640 aut
1475 3567 1577 3666 pacis
1605 3567 1662 3642 fa-

332 3683 514 3760 miliarum
545 3682 752 3784 praedictae
779 3682 872 3784 legis
901 3687 1068 3760 auctores
1097 3682 1407 3783 complectuntur.
1431 3683 1522 3761 Eius
1551 3709 1662 3784 porro

331 3826 442 3904 quam
470 3801 661 3879 innuimus
690 3801 782 3903 legis
812 3803 928 3893 iussu,
964 3803 1071 3877 verba
1100 3827 1143 3876 ao
1175 3802 1311 3905 scripta
1352 3803 1472 3880 omnis
1514 3809 1663 3906 generis

331 3920 463 4022 quibus
492 3919 701 4018 Religionis
728 3919 935 3995 administri
963 3920 1125 4008 decreta,
1156 3921 1257 4020 leges
1286 3926 1352 3996 aut
1390 3920 1503 3997 alium
1533 3947 1662 4020 quem-

331 4062 402 4140 que
430 4037 597 4139 publicae
627 4038 860 4114 auctoritatis
889 4042 1010 4114 actum
1041 4037 1099 4112 vel
1128 4040 1181 4112 rei
1212 4063 1337 4115 sacrae
1384 4041 1559 4134 iuribuS‚
1603 4041 1662 4117 vel

331 4159 398 4236 Dei
429 4161 494 4234 aut
523 4155 710 4234 Ecclesiae
736 4157 878 4257 legibus
908 4160 1182 4243 adversantem,
1203 4184 1269 4258 pro
1289 4161 1344 4235 sui
1375 4159 1487 4236 officii
1516 4161 1662 4235 ratione

332 4277 533 4352 notandum
563 4300 607 4352 ao
635 4275 911 4374 improbandum
937 4287 1123 4356 censeant.
1148 4278 1454 4352 animadversioni
1475 4283 1513 4352 et
1533 4281 1661 4378 poenis

332 4397 481 4498 perinde
509 4395 777 4483 subiciuntur,
812 4419 854 4469 ac
882 4418 994 4494 opera
1023 4395 1165 4470 illorum
1203 4396 1267 4496 qui
1298 4399 1483 4496 praedicta
1523 4399 1662 4497 scripta

332 4517 516 4596 ediderint
541 4520 608 4593 aut
636 4511 872 4609 diffuderint,
904 4539 1133 4615 quocumque
1161 4541 1205 4590 ex
1235 4517 1363 4591 ordine
1391 4517 1661 4594 ecclesiasticae
