3674 5210
338 179 373 251 56
828 201 967 256 tristem
991 203 1153 256 uteremur

412 295 477 376 30.
516 297 611 376 Dum
654 293 746 376 haec
785 300 910 378 omnia
951 304 1159 380 necessario
1200 305 1452 399 decernentes,
1484 301 1665 409 gravissi-

337 444 431 495 mum
461 417 701 530 Apostolatus
731 419 856 496 Nostri
885 444 1018 496 munus
1047 420 1307 523 adimplemus,
1338 449 1411 500 non
1430 426 1661 522 dubitamus,

338 537 577 614 Venerabiles
604 537 768 630 Fratres,
801 540 890 639 quin
918 540 1038 617 officio
1062 548 1188 616 vestro
1206 545 1284 618 tam
1304 567 1394 645 erga
1414 545 1535 621 fideles
1554 547 1661 623 vobis

337 656 559 745 commissos,
590 681 700 757 quam
728 680 817 758 erga
847 657 1095 758 Apostolicam
1127 659 1259 738 Sedem
1286 684 1329 736 eo
1358 661 1574 763 diligentius
1602 690 1663 740 sa-

337 777 519 853 tisfacturi
548 775 643 870 sitis,
674 801 747 877 quo
774 777 981 856 difficiliora
1004 783 1095 856 suut
1112 805 1235 858 rerum
1256 783 1443 874 adiuncta,
1466 785 1663 886 inquibus

338 896 549 973 versamini.
582 894 763 974 Dolebitis
791 895 888 973 torte
916 905 954 976 et
982 923 1092 1000 aegre
1129 900 1256 977 feretis
1295 900 1337 978 in
1379 907 1544 979 vestrum
1589 905 1667 980 Pa·

336 1016 537 1092 triarcham
555 1015 630 1091 iam
649 1039 748 1095 nunc
761 1016 928 1118 graviter
942 1021 1201 1112 animadverti,
1219 1021 1372 1123 gravius
1386 1019 1482 1097 forte
1496 1021 1663 1102 animad-

338 1161 486 1212 versum
514 1134 573 1212 iri.
605 1136 780 1213 Dolemus
808 1140 846 1212 et
873 1139 980 1231 Nos,
1013 1140 1078 1240 qui
1120 1163 1204 1216 eum
1247 1165 1391 1242 semper
1427 1139 1660 1232 dileximus,

338 1262 376 1331 et
402 1254 490 1332 licet
514 1255 757 1333 reluctantem
787 1259 823 1332 et
852 1257 1166 1335 inobedientema
1193 1249 1331 1336 Nostra
1368 1259 1552 1337 charitate
1591 1285 1665 1336 uon

340 1378 543 1482 repulinus,
579 1379 727 1479 Vosque
756 1383 870 1454 testes
898 1379 1138 1481 appellamus,
1171 1386 1312 1481 quauta
1338 1404 1421 1457 cum
1459 1406 1502 1456 eo
1544 1380 1668 1456 chari-

339 1502 430 1591 tate,
463 1498 658 1602 patientia,
692 1502 730 1574 et
757 1498 1052 1601 longanimitatis
1081 1502 1139 1578 usi
1169 1500 1362 1578 fuerimus.
1401 1504 1538 1578 Verum
1577 1504 1665 1578 dum

341 1621 435 1696 idem
465 1619 688 1698 Patriarcha
718 1619 900 1697 mandatis
929 1643 972 1700 ac
1010 1623 1275 1699 monitionibus
1313 1623 1460 1698 Nostris
1496 1622 1666 1722 pervica-

342 1744 434 1820 citer
460 1767 591 1844 parere
618 1744 813 1832 detrectat,
844 1741 1001 1844 aliisque
1029 1742 1300 1820 inobedientiae
1328 1743 1534 1845 exemplum
1560 1766 1670 1845 prae-

343 1865 418 1951 bet,
451 1861 564 1938 Nobis
596 1860 783 1938 nonlicet
812 1861 1037 1940 adhucesse
1079 1862 1319 1967 patientibus,
1366 1866 1405 1938 et
1447 1889 1469 1936 a
1508 1860 1670 1938 ferendis

347 1982 386 2057 in
413 2005 496 2056 eum
526 1981 734 2082 promeritis
773 1981 897 2081 poenis
933 1980 1052 2056 adhuc
1089 1982 1291 2058 abstinere.
1332 1979 1537 2057 Metuimus
1572 1979 1670 2055 enim

351 2107 389 2176 et
417 2101 734 2176 contremiscimus
761 2101 1034 2176 damnationem
1065 2100 1181 2196 illam,
1222 2126 1335 2203 quam
1372 2099 1547 2176 Sacerdos
1585 2098 1670 2174 Heli

346 2221 515 2322 accipere
543 2219 689 2313 meruit,
722 2221 888 2319 eoquod
918 2219 1147 2320 negligenter
1175 2219 1268 2295 lilios
1307 2245 1392 2297 suos
1428 2219 1664 2319 castigasset,

348 2363 440 2441 quos
469 2345 553 2439 post
578 2343 736 2439 primam
764 2343 801 2413 et
828 2341 1026 2414 secundam
1055 2338 1294 2414 monitionem
1323 2339 1362 2414 in
1390 2336 1558 2439 nequitia
1585 2360 1672 2438 per-

349 2468 563 2534 severantes
593 2457 652 2562 (1)
681 2479 703 2534 a
730 2457 858 2558 templi
887 2457 989 2535 aditu
1028 2459 1214 2561 expellere
1251 2461 1455 2562 oportebat.
1496 2455 1578 2544 Quo
1614 2456 1675 2533 fa-

350 2587 448 2655 ctum
477 2581 547 2668 est,
581 2582 623 2653 ut
646 2581 684 2652 et
704 2577 774 2678 ipsi
794 2575 860 2652 lilii
883 2601 957 2652 una
975 2577 1032 2653 die
1051 2577 1159 2654 occisi
1181 2578 1333 2668 luerint,
1356 2584 1394 2652 et
1413 2577 1569 2680 triginta
1587 2575 1673 2652 mil-

350 2700 472 2776 liade
500 2697 633 2799 populo
662 2697 863 2788 interlecti,
892 2723 978 2774 arca
1013 2699 1226 2774 testamenti
1267 2704 1375 2800 capta
1412 2699 1472 2788 sit,
1518 2703 1556 2771 et
1593 2697 1674 2798 ipse

351 2820 520 2896 sacerdos
548 2819 779 2894 retrocedens
809 2817 934 2894 fractis
963 2819 1167 2894 cervicibus
1197 2817 1326 2893 misere
1355 2817 1498 2893 obierit.
1523 2817 1674 2891 lnterim

353 2941 429 3016 Vos
457 2937 581 3014 eadem
610 2961 682 3038 qua
711 2937 786 3012 Nos
813 2936 992 3015 charitate
1020 2938 1118 3039 agite
1146 2961 1229 3014 cum
1269 2941 1390 3012 vestro
1428 2935 1668 3026 Patriarcha,

353 3060 564 3158 satagentes
592 3081 638 3131 ne
666 3055 736 3130 hoc
763 3056 1011 3156 poenitentiae
1039 3057 1196 3157 spatium
1224 3057 1321 3156 quod
1340 3055 1394 3132 illi
1415 3055 1672 3142 concessimus,

354 3201 511 3254 vacuum
540 3201 583 3252 ac
610 3175 755 3252 irritum
783 3175 877 3251 elaoi
905 3175 1081 3276 patiatur.
1114 3177 1253 3252 Instate
1274 3176 1369 3275 apud
1388 3199 1486 3264 eum,
1510 3198 1557 3249 ne
1579 3173 1675 3248 hauc

354 3296 555 3397 longaevae
582 3319 671 3371 suae
698 3294 809 3370 aetati
830 3297 868 3369 et
887 3294 1136 3371 excellentiori
1164 3293 1338 3396 dignitati
1367 3298 1493 3370 notam
1529 3293 1677 3369 inurere

356 3415 457 3508 velit,
489 3421 532 3491 ut
558 3415 621 3516 qui
650 3413 735 3491 olim
764 3416 808 3490 ad
831 3412 934 3490 Fidei
955 3413 1157 3491 catholicae
1176 3413 1331 3490 tutelam
1351 3419 1388 3488 et
1407 3412 1675 3488 incrementum

356 3533 597 3615 adlaboravit,
630 3533 693 3632 qui
722 3531 808 3608 olim
839 3533 953 3609 Nobis
981 3537 1019 3609 ct
1047 3530 1279 3633 Apostolioae
1294 3531 1384 3610 huic
1402 3531 1484 3609 Sodi
1504 3531 1679 3607 obediens

354 3657 391 3728 et
419 3654 570 3729 devotus
597 3649 682 3744 fuit,
716 3651 818 3726 modo
847 3652 893 3726 ab
920 3653 1045 3727 eadem
1077 3650 1289 3749 Apostolica
1316 3650 1410 3728 Sede
1438 3653 1673 3743 coercendus,

355 3772 511 3874 etipsa,
544 3795 653 3874 quam
681 3769 728 3845 ab
756 3768 812 3844 Ea
839 3771 993 3869 accepit,
1025 3771 1206 3867 potestate
1236 3768 1368 3844 merito
1389 3767 1589 3870 privandus
1609 3769 1675 3846 sit.

357 3896 436 3970 Hoc
463 3894 586 3995 ipsum
613 3913 679 3991 pro
709 3894 832 3965 vestro
862 3889 1007 3964 modulo
1036 3893 1225 3989 praestare
1254 3913 1319 3964 vos
1349 3893 1509 3991 oportet,
1549 3890 1682 3965 Sacer-

356 4019 458 4091 dotes
486 4018 524 4088 et
552 4009 738 4102 Monachi,
770 4013 809 4085 et
835 4013 1017 4109 quotquot
1044 4008 1082 4083 in
1111 4011 1245 4083 sortem
1269 4007 1415 4085 Domini
1435 4007 1555 4083 vocati
1575 4009 1679 4101 estis;

358 4157 502 4235 unaque
531 4130 640 4208 simul
668 4135 707 4206 et
735 4131 845 4206 verbo
879 4133 916 4206 et
953 4129 1122 4228 exemplo
1157 4135 1282 4204 vestro
1322 4129 1493 4230 populum
1531 4131 1684 4206 edocere

357 4277 451 4356 quae
478 4259 578 4329 recta
607 4262 707 4337 sunt;
739 4273 785 4324 ne
812 4251 1003 4349 contingat
1029 4247 1127 4322 hunc
1147 4249 1272 4350 pravis
1291 4248 1478 4336 doctrinis,
1505 4247 1683 4349 falsisque

358 4375 588 4450 sermonibus
615 4373 804 4472 deceptum
833 4395 856 4445 a
884 4365 1031 4448 firmis-i
1048 4395 1093 4444 ua
1121 4375 1225 4468 petra
1254 4365 1311 4442 vel
1339 4367 1498 4443 inscium
1528 4373 1597 4442 aut
1626 4371 1685 4443 iu-

429 4530 441 4594 s
446 4530 474 4592 1)
492 4531 660 4585 Theodoret.
675 4529 779 4585 Orsen.
793 4529 857 4583 nib.
872 4531 896 4582 l.
912 4529 982 4584 Res.
993 4531 1047 4580 int.
1064 4528 1090 4583 7.
