3674 5210
737 263 888 314 mccxx
911 267 933 317 t.
1447 251 1492 321 15

162 372 339 429 contractus
359 363 688 458 Censuraenbonorum
714 362 797 428 116Ιί-
895 368 950 432 to.
976 366 1058 433 Nulli
1085 385 1163 454 ergo
1187 369 1316 435 omnino
1340 379 1402 435 etc.

161 474 319 556 giosorum
353 470 543 548 subiiciant,
569 483 599 536 et
622 475 798 537 animarum
895 475 1005 537 Datum
1036 476 1154 539 Romae
1190 474 1274 558 apud
1306 478 1339 542 S.
1359 479 1488 540 Petrum

159 573 249 640 saluti
274 577 450 643 consulant.
850 596 931 644 anno
947 576 1171 644 lncamationis
1186 581 1368 645 Dominioae
1383 580 1490 645 mille-

204 684 256 746 17.
295 684 365 748 Non
403 683 596 751 obstantibus
635 684 798 771 quibusvis
849 684 929 748 simo
952 684 1489 772 quingentesimosexagesimono-

159 787 462 868 constitutionibus,
487 801 520 857 et
542 789 798 857 Ordinationibus
849 809 891 855 no
926 790 1165 875 quartodecimo
1204 791 1356 858 Kalendas
1390 791 1486 859 Febr.

158 895 369 980 Apostoliois,
393 898 516 964 statutis
539 907 571 964 et
595 896 798 964 consuetudi·
849 894 1048 961 Pontificatus
1071 898 1170 962 nostri
1194 917 1275 964 anno
1300 908 1424 984 quarto.

157 1001 262 1081 nibus,
286 1020 348 1070 nec
371 1021 434 1070 non
455 1003 649 1092 privilegiis,
675 1013 709 1070 et
733 1003 797 1068 Lit-
894 1001 986 1068 Edita
1009 1002 1062 1068 sed
1088 1020 1166 1068 vero
1191 1005 1488 1071 constitutionem-

158 1109 427 1198 teris,etiamper
450 1130 668 1197 quoscumque
684 1113 795 1177 Roma·
847 1109 1008 1196 parabata,
1037 1119 1073 1173 ut
1098 1127 1183 1196 pene
1214 1129 1342 1202 semper
1369 1130 1485 1179 usuve-

155 1231 210 1279 nos
237 1212 409 1282 Pontifices
443 1216 701 1283 praedecessores
738 1236 797 1283 no-
846 1214 906 1292 nit,
922 1213 955 1282 in
966 1214 1179 1302 applicatione
1195 1216 1338 1284 eiusdem
1353 1219 1486 1306 singulis

153 1330 246 1400 stros,
263 1338 302 1387 ac
320 1325 415 1388 etiam
429 1324 492 1388 Nos
506 1323 566 1389 sub
589 1323 796 1409 quibuscum·
845 1339 979 1409 praxeos
1014 1322 1159 1401 casibus,
1196 1321 1350 1408 quaedam
1389 1322 1484 1390 dubia

154 1444 215 1510 que
239 1427 427 1508 tenoribus,
450 1438 484 1494 et
506 1427 636 1508 lormis,
660 1450 695 1496 ao
720 1447 792 1495 curn
846 1427 878 1494 in
895 1427 1104 1513 quorumdam
1118 1428 1278 1496 mentibus
1294 1449 1486 1516 superexor-

153 1535 319 1621 quibusvis
333 1536 486 1603 clausulis
508 1537 603 1604 etiam
628 1536 794 1626 derogato-
847 1547 873 1601 ta
897 1547 982 1601 sunt.
1007 1537 1207 1622 Quapropter
1236 1535 1322 1602 idem
1352 1540 1483 1605 Sanctus

152 1642 271 1708 riarum
295 1640 527 1728 derogaturus,
551 1662 611 1710 nec
634 1663 699 1711 non
722 1644 792 1709 irri·
845 1639 989 1706 Pontifex
1012 1640 1166 1726 expedire
1189 1641 1355 1706 arbitratus
1377 1655 1425 1707 est
1448 1651 1484 1710 ut

151 1748 291 1816 tontibus
313 1749 467 1829 Decretis,
491 1768 531 1817 ex
556 1750 665 1836 quavis
688 1770 791 1816 caussa
843 1755 1013 1833 sequentes
1048 1766 1177 1834 quoque
1202 1748 1235 1812 in
1257 1748 1363 1815 lucem
1393 1748 1484 1816 daret

151 1855 244 1922 etiam
268 1875 331 1944 per
340 1857 471 1924 modum
485 1857 577 1946 Legis
594 1857 791 1936 universalis,
843 1852 1083 1921 declarationes.

150 1971 202 2025 aut
224 1961 302 2028 alias
326 1961 568 2050 quomodolibet
592 1962 699 2041 oditis,
723 1964 791 2029 sive
1023 1981 1109 2047 plus
1132 1981 1231 2044 pqpa,
1255 1979 1293 2046 v,

149 2067 182 2132 in
205 2067 348 2136 latorem
366 2071 626 2150 Universitatum,
641 2072 791 2137 Commu·

148 2173 297 2256 nitatnm,
315 2176 544 2264 collegiorum,
559 2177 743 2255 uirtutum,
758 2187 790 2242 et

150 2281 294 2348 locorum
324 2281 503 2361 concessis,
529 2283 733 2369 approbatis,
758 2293 790 2348 et
885 2286 950 2353 lltsi
977 2286 1155 2370 Apostolica
1177 2285 1276 2354 Sedes
1299 2307 1409 2374 magna
1426 2286 1481 2352 ad-

149 2387 321 2469 innovatis,
345 2391 461 2476 quibus
485 2391 643 2469 omnibus,
671 2402 704 2457 et
726 2391 790 2457 sin·
839 2393 937 2460 bibita
961 2393 1114 2460 industria
1135 2411 1263 2481 operam
1288 2392 1354 2472 det,
1373 2395 1477 2459 omnia

146 2495 227 2580 gulis
255 2494 387 2562 illorum
421 2506 548 2562 tenores
570 2496 789 2584 praesentibus
839 2503 1008 2588 perspicue
1039 2501 1260 2588 promulgare,
1285 2500 1339 2565 vix
1369 2511 1476 2566 tamen

145 2621 203 2686 pro
240 2605 402 2690 expressis
427 2603 605 2682 habenteS,
632 2615 787 2689 quatenus
840 2620 886 2674 est
910 2620 944 2674 ut
968 2626 1117 2692 umquam
1151 2607 1221 2671 satis
1246 2618 1341 2692 queat
1364 2627 1477 2692 usque-

145 2708 349 2790 directe,vel
373 2710 530 2777 indirecte
553 2710 711 2796 praesenti
729 2730 788 2775 no·
839 2733 964 2800 quaque
1000 2731 1134 2790 carere,
1167 2713 1244 2796 quin
1273 2714 1477 2797 scrupulosae

143 2827 226 2881 strae
250 2815 477 2884 constitutioni
505 2816 537 2884 in
562 2825 653 2896 toto,
677 2817 727 2882 rel
754 2815 784 2882 in
839 2813 1048 2901 quorumdam
1061 2824 1185 2880 mentes
1198 2833 1296 2878 noros
1310 2813 1352 2878 illi
1367 2834 1477 2879 sensus

145 2929 234 3001 parte
251 2920 499 2998 contradentur,
520 2919 712 3005 specialiter,
733 2937 787 2984 ex·
839 2921 999 2999 inducant,
1010 2940 1145 3006 quorum
1154 2921 1369 3006 perplexitate
1382 2922 1473 2988 multi

145 3043 252 3110 presse
267 3024 479 3115 derogamusa
496 3027 694 3113 caeterisque
711 3043 787 3090 con·
840 3030 872 3095 in
895 3027 1027 3095 dubium
1052 3039 1234 3093 evocantur.

145 3131 245 3198 trariis
267 3133 462 3220 quibusque.
885 3141 915 3202 1.
942 3134 1067 3200 Pridem
1092 3133 1176 3200 enim
1195 3152 1255 3221 per
1272 3136 1478 3202 Constitutio-

189 3242 243 3305 l8.
269 3240 425 3306 Volumus
445 3249 565 3318 autem,
582 3239 669 3326 quod
691 3257 785 3326 prae-
837 3261 911 3309 nem
927 3251 1065 3307 nostram
1082 3240 1122 3307 de
1137 3245 1297 3307 censuum
1315 3245 1477 3308 creatione

144 3357 248 3413 sentes
265 3347 300 3414 in
317 3345 519 3425 Cancellaria,
538 3355 570 3412 et
589 3343 655 3411 acie
673 3345 781 3431 Campi
838 3351 921 3416 inter
944 3350 1000 3414 alia
1024 3350 1195 3423 volumus,
1222 3353 1342 3415 Census
1366 3369 1476 3415 omnes

144 3451 252 3518 Florae
266 3452 485 3539 publicentur,
504 3463 537 3520 et
553 3452 637 3518 inter
661 3453 782 3518 Consti·
836 3456 870 3524 in
895 3455 1036 3522 futurum
1060 3456 1212 3522 creandos
1235 3475 1298 3521 non
1322 3457 1424 3521 solum
1442 3475 1476 3521 re

145 3559 282 3627 tationes
298 3569 534 3649 extravagantes
556 3555 782 3647 perpetuosa·
836 3564 869 3629 in
892 3573 1009 3640 totum,
1028 3563 1079 3627 vel
1096 3581 1155 3648 pro
1179 3571 1269 3648 parte
1291 3573 1472 3648 perempta,

143 3663 251 3732 lituras
272 3665 523 3734 conscribantur.
835 3679 889 3736 aut
912 3664 1105 3736 infructuosa
1123 3669 1155 3734 in
1181 3679 1281 3734 totum
1306 3667 1417 3734 elleota
1435 3667 1473 3733 ad

189 3774 241 3839 19.
267 3775 309 3840 111
331 3772 403 3859 quia
427 3771 554 3840 difficile
583 3771 666 3839 loret
688 3791 781 3858 prae·
834 3786 930 3842 ratam
953 3775 1073 3861 perire,
1091 3775 1147 3840 sed
1164 3776 1260 3841 etiam
1275 3794 1334 3861 pro
1359 3774 1473 3840 eodem

143 3887 245 3946 sentes
266 3877 308 3947 ad
329 3878 452 3968 singula
476 3899 622 3967 quaeque
647 3880 712 3946 loca
730 3880 782 3946 de
835 3881 940 3968 pretio
958 3879 1100 3968 extingui
1118 3899 1223 3966 posse.
1240 3883 1281 3944 do
1297 3890 1384 3966 pacta
1399 3899 1475 3944 eon-

145 3981 232 4065 lerri,
244 3986 405 4064 volumus,
421 3999 453 4053 et
466 3988 559 4053 etiam
573 3986 778 4066 declaramus,
836 3989 968 4057 tinentia
985 4005 1146 4052 morosum
1161 3990 1279 4053 Census
1295 3985 1474 4051 debitorem

144 4089 229 4176 quod
243 4111 354 4160 earnm
379 4094 593 4178 transumptis,
611 4093 705 4158 etiam
723 4094 781 4159 im·
834 4095 873 4161 ad
897 4097 1051 4162 interesse
1075 4094 1153 4161 lucri
1176 4091 1336 4169 cessantis,
1358 4094 1409 4157 rel
1434 4092 1472 4158 ad

143 4198 256 4282 praeis
278 4197 409 4266 alicuius
431 4201 547 4266 Notarii
563 4191 776 4286 'subscr-ipos,
834 4202 1012 4278 Gambium,
1036 4220 1093 4266 seu
1115 4199 1235 4274 salaria,
1261 4209 1294 4263 et
1319 4216 1472 4282 expensas

143 4321 176 4367 ac
198 4305 302 4394 sigillo
326 4307 457 4372 alicuius
479 4307 609 4372 Praelati
634 4306 777 4384 munitis,
833 4307 941 4375 medio
975 4305 1141 4374 creditoris
1169 4307 1346 4371 iuramento
1379 4305 1473 4390 liqui-

144 4409 252 4478 eadem
275 4432 405 4501 prorsus
436 4411 515 4479 fides
547 4413 667 4499 ubique
691 4411 779 4477 adbi-
833 4414 949 4481 dandas
973 4415 1088 4491 teneri,
1107 4423 1160 4479 aut
1176 4431 1244 4477 rem
1269 4410 1470 4478 (166661661-

146 4515 264 4598 beatur,
279 4540 359 4607 quae
376 4521 595 4605 praesentibus
611 4518 776 4584 adhibere·
831 4523 964 4596 iectam,
989 4519 1057 4584 sire
1079 4519 1215 4602 aliquam
1250 4517 1317 4581 eius
1341 4525 1465 4602 partem

147 4639 205 4704 tur,
218 4628 242 4691 si
260 4628 364 4694 loreut
385 4627 534 4705 exibitae,
549 4629 600 4694 vel
617 4639 772 4695 ostensae.
829 4628 987 4704 amittere,
1003 4634 1058 4690 aut
1081 4623 1166 4690 aliud
1190 4623 1250 4702 ius,
1268 4623 1334 4687 sive
1358 4642 1396 4686 ex
1415 4641 1471 4687 eo-

909 2124 957 2188 Ad
977 2124 1128 2210 saturant
1151 2127 1199 2188 rel
1220 2127 1414 2242 memoriam.
