3674 5210
761 219 869 272 corsus
1433 201 1475 267 59

145 319 346 423 quotannis
374 321 519 396 scutata
547 315 585 410 4,
610 313 675 411 50,
705 319 790 394 dum
821 317 976 416 penuria
1005 319 1170 392 extremi
1197 313 1404 408 laboraret,
1436 318 1475 388 et

145 467 290 543 semper
319 463 470 516 munere
498 437 695 518 Secretarii
726 439 844 540 gratis
872 435 1025 514 functus
1054 437 1115 513 sit.

225 558 465 647 Ordinarius,
497 558 560 657 qui
589 583 612 634 a
646 556 685 634 S.
716 556 1016 659 Congregatione
1052 553 1096 635 O.
1128 556 1172 632 de
1212 551 1473 630 informatione

144 685 181 756 et
200 685 288 755 voto
317 685 469 778 rogatus
488 675 622 768 fuerat,
645 675 847 753 adhaerens
875 675 1042 776 opinioni
1069 674 1229 762 oratoris
1246 681 1284 750 et
1303 668 1474 750 Sodalitii

146 797 275 900 ipsius,
310 797 453 873 nullum
482 796 536 872 ait
565 795 678 871 tuisse
719 819 883 872 censum.
915 793 1091 884 Quinimo
1121 792 1292 871 Natalem
1321 791 1368 866 P.
1400 788 1475 865 dia-

147 921 375 1021 pensandum
402 942 547 1018 quoque
579 915 694 1018 tuisse
722 942 745 991 a
771 917 884 994 debiti
913 916 1096 993 solutione
1124 915 1170 991 ob
1197 914 1277 990 eius
1305 933 1475 1014 compro·

148 1042 271 1114 batam
317 1042 585 1138 paupertatem.
619 1035 740 1138 quue,
773 1035 828 1113 ait
864 1034 1117 1128 Ordinarius,
1149 1031 1319 1135 componi
1362 1031 1471 1110 facile

144 1185 250 1259 posse
279 1183 365 1234 cum
407 1156 552 1234 iustitia
581 1160 619 1232 at
650 1157 864 1256 aequitate,
898 1156 1083 1232 constabit
1119 1178 1167 1230 ex
1208 1152 1473 1232 informatione

145 1279 301 1354 inferius
332 1277 580 1354 inscribenda.

559 1467 808 1535 ”neomuto
828 1467 1053 1536 synopsim.

224 1623 329 1698 Duas
359 1621 398 1696 in
425 1620 593 1696 themate
626 1618 787 1697 adfuisse
829 1619 1064 1698 resolvendas
1105 1618 1341 1722 quaestiones
1376 1620 1474 1700 clara

148 1750 269 1842 patet:
308 1743 343 1817 i.
368 1746 489 1818 utrum
520 1765 652 1843 nempe
680 1765 812 1819 census
841 1741 1056 1819 constitutio
1083 1742 1205 1820 valida
1232 1743 1293 1838 sit,
1314 1766 1383 1820 neo
1409 1767 1472 1837 ne;

143 1859 182 1933 2.
217 1873 342 1935 utrum
372 1857 598 1960 dispensatio
625 1884 648 1934 a
675 1856 800 1935 debito
828 1857 966 1959 liquido
994 1859 1223 1937 concedenda
1250 1865 1360 1936 esset.

222 1980 277 2056 Et
307 1983 428 2080 quoad
457 1981 614 2081 primam
644 1985 786 2082 partem
816 2005 863 2056 ex
890 1978 1011 2056 officio
1030 1980 1266 2056 observatum
1285 1978 1358 2056 fuit
1375 1978 1476 2064 hand

142 2099 309 2175 dubitari
341 2123 447 2200 posse
476 2095 573 2202 quod
603 2099 789 2200 impositio
817 2123 949 2176 census
978 2097 1101 2175 valida
1127 2094 1257 2192 fuerit,
1288 2101 1399 2198 atque
1425 2096 1474 2174 ef·

143 2219 238 2294 ticax
270 2219 450 2310 extiterit,
473 2219 767 2321 quandoquidem
786 2243 986 2298 consensus
1007 2217 1332 2320 utriusquepartis
1351 2240 1475 2294 coram

142 2341 308 2416 testibus
336 2347 373 2414 et
412 2340 558 2416 notario
604 2365 805 2441 expressus
848 2339 1077 2428 intercessit,
1111 2339 1273 2440 pretium
1314 2336 1475 2416 solutum

144 2461 214 2535 fuit
243 2461 286 2534 ct
315 2461 507 2562 inscriptio
536 2459 804 2562 hypothecaria
832 2467 949 2560 capta.
982 2460 1110 2558 Neque
1140 2456 1264 2552 refert,
1288 2460 1383 2559 quod
1412 2482 1469 2559 pe·

143 2582 257 2656 cunia
287 2587 370 2658 actu
400 2588 598 2659 numerata
626 2581 722 2657 haud
751 2579 878 2657 fuerit.
909 2580 1068 2660 Cautum
1097 2578 1194 2654 enim
1224 2578 1263 2655 in
1290 2579 1372 2654 iure
1399 2580 1470 2668 est,

142 2705 241 2802 quod
274 2727 340 2802 pro
367 2703 553 2780 solutione
582 2702 738 2778 habetur
766 2701 941 2803 quidquid
969 2704 1079 2778 datur
1105 2701 1150 2778 de
1178 2723 1358 2777 consensu
1387 2723 1476 2776 con-

143 2819 333 2895 trahentis
362 2823 436 2924 lep.
460 2824 676 2922 satisfactio
700 2821 747 2921 ff
778 2820 822 2896 dc
857 2820 972 2895 solat.
996 2820 1071 2922 leq.
1097 2819 1137 2895 1.
1165 2820 1213 2922 ff.
1235 2825 1305 2921 qai
1332 2819 1472 2896 satisd.

144 2939 243 3042 Lep.
278 2939 325 3015 Si
353 2966 446 3015 raaz.
485 2943 523 3039 ξ.
556 2945 682 3014 omats
710 2940 757 3039 ff.
780 2939 825 3014 de
854 2945 1059 3042 pipaorat.
1093 2949 1167 3014 act.
1198 2940 1273 3016 imo
1299 2939 1476 3041 quidquid

144 3063 257 3132 datur
287 3061 324 3134 in
352 3058 529 3150 solutum,
553 3057 641 3134 illud
660 3056 819 3134 habetur
848 3082 912 3158 pro
940 3059 1211 3152 numeratione,
1235 3063 1274 3135 et
1290 3059 1476 3137 solutione

145 3179 254 3279 pretii
288 3181 363 3281 lep.
384 3179 599 3282 praedium
631 3177 784 3256 Gadda
812 3185 920 3258 catat.
952 3180 1106 3282 Ideoque
1135 3179 1305 3256 Parisius
1334 3171 1501 3256 consil(

147 3297 205 3375 75
233 3301 328 3375 aad
358 3303 462 3376 tenet
490 3324 639 3377 censum
668 3302 856 3395 sustineri,
878 3301 1047 3401 quamvis
1081 3302 1240 3404 pecunia
1267 3325 1342 3379 non
1362 3300 1476 3379 fuerit

146 3430 357 3510 numerata,
392 3421 544 3520 tingitur
573 3419 669 3496 enim
700 3424 931 3498 numeratam
961 3421 1087 3498 fuisse.
1455 3501 1457 3503 ,

227 3525 407 3602 Attamen
434 3525 640 3630 Episcopus
677 3528 886 3604 omnimode
923 3531 1074 3604 conatus
1112 3531 1172 3604 est
1208 3530 1251 3606 ut
1290 3530 1477 3604 evinceret

148 3643 290 3719 nullum
319 3644 434 3722 fuisse
461 3671 625 3739 censum,
659 3647 914 3725 constitutioni
943 3648 1138 3725 inhaerens
1166 3647 1295 3726 Sancti
1323 3646 1382 3724 Pii
1413 3648 1470 3738 V,

148 3788 243 3864 quae
271 3768 431 3866 incipit:
468 3766 706 3846 Camacas.
740 3770 806 3845 Ait
834 3769 932 3844 enim
969 3767 1128 3844 Sanctus
1164 3767 1230 3844 ille
1268 3767 1472 3856 Pontifex:

152 3884 413 3962 «Statuamus
441 3910 612 3971 censam,
642 3911 711 3963 sea
741 3911 920 3962 canaam
947 3886 1145 3962 redditam
1172 3892 1319 3972 creari,
1335 3893 1477 3963 anasti-

150 4011 280 4106 tar'qae
316 4005 427 4080 autu
464 4007 577 4082 modo
607 4030 740 4109 posse,
769 4012 851 4083 atsi
878 4011 923 4081 ta
950 4029 993 4079 re
1022 4005 1273 4082 immobili...
1309 4031 1476 4083 rursum

149 4129 231 4198 atsi
275 4147 365 4199 acro
393 4131 627 4227 inperante
663 4137 898 4210 numerata,
925 4127 1195 4228 praesentibus
1238 4127 1395 4203 testibus
1432 4153 1476 4202 ac

149 4251 332 4328 notario,
361 4255 396 4320 ct
423 4253 466 4318 r'a
492 4255 581 4321 acta
614 4249 881 4324 celebrationis
919 4246 1203 4333 Instrumenta,
1232 4272 1311 4324 aaa
1346 4259 1476 4324 catera

144 4369 264 4464 prius
292 4375 436 4466 recepto
457 4371 610 4470 intepro
628 4371 803 4468 iustoque
824 4371 966 4468 pretio.
992 4367 1226 4454 Solattoaes,
1246 4369 1475 4471 qaasualpo

150 4489 385 4588 carrazpatas
400 4485 710 4588 appretiantfiert
722 4497 800 4603 aut¹
811 4495 850 4560 ta
859 4494 1023 4590 pactam
1036 4485 1172 4562 deduci
1175 4487 1472 4588 prohibemus.»
