3674 5210
649 262 788 312 rrrsrom
814 262 973 311 erraremus
1465 239 1484 307 7

161 361 323 462 rigorum
352 361 406 438 uti
436 386 504 464 par
531 366 611 438 erat
639 361 821 463 praebuit,
846 361 1099 462 Nostramque
1128 358 1385 436 auctoritatem
1417 382 1486 460 pro

159 505 225 557 suo
252 481 375 560 debito
402 483 600 575 reveritus,
632 483 861 582 praeclarum
889 481 1001 557 etiam
1030 481 1258 556 obedientiae
1296 479 1484 582 specimen

160 601 341 692 exhibuit,
373 604 452 677 tum
482 601 654 703 evulgato
683 601 736 676 uti
764 600 938 678 iussimus
967 603 1102 678 Nostro
1130 601 1278 688 decreto
1306 624 1379 700 quo
1399 625 1488 677 cen-

160 745 267 797 suras
295 723 342 796 ab
367 744 411 798 eo
439 725 578 797 temere
606 721 702 798 latas
738 721 1036 824 abrogavirnus,
1065 731 1146 796 turn
1188 723 1370 821 denegata
1399 745 1488 798 con-

161 840 366 917 secretione
393 839 592 942 episcopali
622 841 768 924 cuidam
797 841 1077 934 Melabarensi,
1110 864 1220 942 quam
1251 839 1418 917 nonnulli
1448 841 1486 918 in

159 984 203 1036 ea
231 963 383 1062 regione
412 984 588 1055 notarum
617 983 739 1038 rerum
770 962 959 1038 molitores
987 961 1034 1038 ab
1061 985 1105 1038 eo
1132 959 1367 1064 flagitabant.

239 1077 280 1156 7.
312 1079 404 1157 eum
434 1081 489 1156 ita
517 1103 556 1156 se
584 1104 642 1156 res
672 1079 864 1174 baberent,
897 1081 993 1182 quod
1022 1080 1232 1158 iamdudum
1272 1080 1488 1182 Apostolica

160 1199 273 1278 Sedes
302 1203 341 1276 et
368 1200 445 1276 Nos
473 1199 542 1302 ipsi
573 1199 612 1275 in
641 1200 736 1277 votis
765 1200 1027 1291 habueramus,
1060 1197 1269 1278 chaldaicae
1296 1199 1487 1280 Ecclesiae

159 1321 458 1422 prospiciendum
489 1319 677 1411 duximus,
709 1328 749 1396 ut
776 1320 1061 1398 ecclesiasticam
1100 1320 1359 1422 disciplinam,
1391 1346 1486 1422 quae

158 1439 308 1516 incerta
336 1462 507 1541 prorsus,
539 1438 727 1541 collapsa,
759 1443 796 1517 et
823 1441 935 1518 etiam
966 1445 1116 1542 propter
1144 1445 1352 1545 temporum
1381 1469 1489 1546 aspe-

160 1560 313 1635 ritatem
342 1557 457 1635 lerme
484 1557 678 1636 obliterata
713 1568 825 1653 erat,
859 1560 1178 1654 instauraremus,
1211 1561 1323 1639 silvis
1363 1569 1488 1642 tamen

160 1681 241 1756 eius
270 1679 419 1772 ritibus,
450 1679 513 1778 qui
543 1703 565 1755 a
592 1680 658 1757 SS.
691 1678 869 1757 Patribus
897 1680 1063 1758 instituti
1092 1685 1130 1757 et
1157 1683 1203 1759 ab
1232 1680 1301 1760 hac
1329 1685 1487 1784 Aposto-

159 1797 233 1874 lica
280 1798 370 1874 Sede
416 1798 561 1899 probati
592 1796 705 1874 fuisse
742 1801 1060 1901 dignoscerentur.
1092 1800 1172 1878 Hoc
1214 1801 1328 1878 animi
1359 1805 1483 1882 Nostri

163 1918 393 2020 propositum
424 1943 487 2020 per
518 1919 686 1994 Nostram
709 1913 1045 2020 congregationem
1067 1923 1112 1999 de
1132 1922 1381 2024 propaganda
1400 1923 1489 2000 Fide

159 2037 404 2115 Patriarchae
431 2039 474 2114 dc
504 2040 675 2114 mandato
704 2040 840 2115 Nostro
858 2039 1109 2142 significatum
1137 2046 1195 2119 est
1221 2043 1279 2118 die
1302 2043 1410 2119 tertia
1425 2045 1491 2123 Se-

159 2157 344 2260 ptembris
363 2181 423 2234 an.
436 2156 775 2250 MllOCOLXVlll,
799 2164 910 2259 atque
941 2185 1013 2238 una
1041 2160 1152 2238 simul
1170 2164 1215 2239 ad
1234 2187 1317 2244 eum
1337 2163 1488 2242 missum

159 2277 233 2354 fuit
261 2277 468 2380 exemplum
498 2276 786 2357 Constitutionis
815 2279 975 2357 Nostrae
1020 2281 1139 2358 editae
1185 2283 1236 2358 lV
1277 2281 1359 2359 idus
1394 2284 1489 2361 luni

158 2421 223 2475 an.
256 2397 580 2488 MDOOOLXVll,
613 2423 687 2499 qua
714 2397 893 2476 nonnulla
920 2400 1137 2502 disciplinae
1165 2403 1300 2503 capita,
1323 2429 1490 2506 praeser-

156 2517 227 2592 tim
257 2519 301 2594 de
328 2517 581 2620 episcoporum
621 2517 823 2610 electione,
854 2519 893 2594 in
921 2520 1101 2598 Armenio
1128 2521 1381 2624 patriarchatu
1411 2549 1490 2600 ser-

158 2638 284 2714 vanda
311 2635 455 2713 sancita
483 2637 643 2715 fuerant.
676 2639 779 2726 Quae
807 2638 868 2715 ubi
897 2641 1067 2743 aceepit,
1100 2640 1218 2743 primo
1246 2642 1393 2744 quidem
1424 2670 1491 2747 per

156 2757 386 2859 Episcopum
417 2757 538 2834 Ellam
566 2756 717 2850 Mallus,
749 2757 810 2858 qui
843 2757 985 2836 Romae
1014 2763 1104 2838 tunc
1131 2763 1285 2853 aderat,
1318 2769 1396 2840 tum
1427 2789 1493 2866 per

158 2901 250 2954 suas
278 2877 424 2953 litteras
453 2874 512 2979 (1)
543 2875 588 2951 ad
616 2875 817 2978 praelatam
847 2877 1190 2982 Congregationenr
1221 2883 1333 2959 semel
1362 2888 1401 2959 et
1427 2885 1493 2961 ite·

162 3021 248 3073 rum
278 2998 400 3090 datas,
432 2995 680 3099 significatum
711 2997 817 3074 nobis
846 2997 978 3090 voluit,
1012 3025 1051 3076 se
1077 3002 1197 3101 quoad
1234 3009 1356 3078 certas
1384 3028 1494 3106 regu-

159 3115 218 3194 las
246 3119 285 3194 in
312 3117 576 3220 Episcoporum
619 3116 796 3193 electione
842 3119 1044 3196 servandas
1072 3145 1095 3194 a
1124 3121 1260 3197 Nostra
1302 3121 1494 3200 voluntate

159 3237 316 3314 minime
344 3236 553 3329 dissentire,
584 3260 694 3339 quarn
724 3239 824 3314 omni
853 3237 974 3314 studio
1002 3244 1040 3315 et
1066 3240 1276 3318 obedientia
1304 3243 1491 3346 excipien-

162 3358 249 3432 dam
278 3355 550 3460 profitebatur3
580 3358 693 3458 atque
721 3381 766 3434 ex
795 3359 996 3459 praemissa
1041 3359 1302 3462 episcopalium
1346 3361 1494 3443 electio·

163 3499 254 3552 num
284 3474 516 3552 ordinatione
543 3475 635 3552 berre
673 3499 854 3576 sperare,
886 3481 916 3553 si
948 3476 1050 3555 utilis
1079 3479 1195 3556 Nobis
1222 3487 1260 3558 et
1287 3489 1495 3585 opportuna

164 3594 372 3686 videretur3
407 3592 497 3670 velle
524 3604 648 3671 autem
676 3601 719 3671 ut
746 3597 841 3698 quod
870 3598 1005 3697 gaudio
1033 3613 1071 3674 et
1099 3595 1267 3678 laetitiae
1286 3603 1401 3679 Nobis
1420 3616 1489 3694 est,

167 3718 312 3816 semper
339 3714 592 3815 perdoeretur.
616 3713 717 3790 luter
745 3713 836 3790 haec
866 3741 964 3808 vero,
984 3742 1066 3794 cum
1098 3719 1242 3797 viduari
1273 3720 1495 3826 contigisset

164 3832 379 3936 pastoribus
408 3834 486 3906 suis
513 3830 693 3908 chaldaici
741 3833 835 3909 ritus
871 3835 1041 3912 ecclesias
1083 3837 1418 3916 Diarbehiriensem
1458 3853 1495 3918 et

169 3953 438 4045 Mardensem,
468 3949 612 4053 aliquot
654 3955 881 4030 sacerdotum
928 3956 1081 4032 nomina
1125 3957 1239 4035 Nobis
1276 3965 1490 4064 proposuit,

167 4079 210 4148 ut
237 4095 330 4171 quos
358 4070 545 4172 digniores
565 4084 602 4146 et
621 4071 742 4174 magis
764 4071 911 4149 idoneos
927 4073 965 4148 in
979 4075 1140 4152 Domino
1158 4077 1414 4171 indicaremus,
1433 4108 1495 4159 eos

166 4193 298 4268 iisdem
319 4192 547 4268 dioecesibus
566 4194 787 4269 auctoritate
806 4195 945 4271 Nostra
964 4197 1260 4298 praeficerenrus;
1281 4204 1376 4302 qnod
1398 4203 1497 4305 Apo·

169 4311 312 4388 stolicis
332 4311 480 4389 Nostris
499 4311 631 4388 litteris
652 4312 749 4388 datis
767 4315 824 4390 die
843 4313 951 4392 XXlI
969 4318 1098 4394 Martii
1117 4345 1179 4396 an.
1201 4320 1494 4401 MDCCClilllX

239 4519 281 4592 (1)
299 4521 358 4575 bit.
373 4521 431 4575 dat.
448 4522 494 4574 dis
512 4523 545 4574 tll
566 4524 633 4574 lulli
655 4524 735 4590 1868,
750 4526 825 4578 alluo
844 4525 906 4580 det.
921 4526 968 4578 die
985 4528 1022 4580 ⁴24
1039 4529 1109 4582 lucil
1130 4531 1210 4585 moe.
