3674 5210
650 270 788 318 crissoni
815 269 974 315 {sacratim
1439 241 1479 312 tt

142 371 295 452 nomine
334 369 416 448 Iesu
449 365 710 445 contumeliam
737 364 833 467 pati,
854 367 894 439 ct
926 364 1126 440 mercedem
1155 363 1325 438 nostram
1351 359 1477 462 copio-

146 516 226 570 sam
256 491 335 568 foro
361 489 401 568 in
429 489 556 568 coelis.

229 641 249 684 c
280 610 385 688 Haec
411 608 520 700 Tibi,
555 609 653 685 Ven.
684 605 839 694 Frater,
871 628 979 704 quem
1010 604 1156 694 sincera
1184 600 1367 678 charitate
1393 625 1481 703 pro·

147 731 267 810 secuti
294 751 441 832 semper
466 725 607 805 fuimus
633 731 672 803 et
699 725 969 828 prosequimur,
995 747 1067 798 non
1089 723 1212 798 minus
1234 746 1343 822 quam
1364 721 1479 800 Nobis

140 873 170 926 a
188 849 269 926 Deo
295 845 407 926 enixe
433 845 689 947 adprecamur:
721 866 933 942 novumque
960 840 1110 916 interim
1141 838 1277 942 pignus
1304 844 1344 915 et
1370 864 1479 942 argu·

145 969 313 1068 mentum
342 961 549 1044 dilectionis
577 963 737 1040 Nostrae
764 959 822 1037 his
851 959 983 1037 addere
1009 957 1199 1046 volentes,
1218 983 1277 1034 ·ac
1302 957 1481 1060 spiritua·

144 1083 247 1164 libus
273 1083 391 1164 animi
418 1085 476 1160 tui
505 1080 787 1159 necessitatibus
814 1078 861 1156 ob
890 1082 1102 1180 praesentes
1120 1075 1322 1156 Orientalis
1350 1077 1480 1156 Eccle-

139 1205 226 1282 ·siae
266 1202 563 1306 perturbationes
603 1224 798 1278 occurrere
833 1197 1053 1300 cupientes,
1084 1194 1158 1274 illis
1200 1205 1377 1298 quantum
1421 1204 1479 1275 est

146 1348 243 1426 opus
271 1347 337 1426 per
364 1323 522 1400 Nostros
550 1321 659 1398 hasce
687 1317 832 1396 litteras
861 1317 1073 1419 Apostolioa
1114 1317 1253 1396 Nostra
1293 1319 1478 1419 potestate

147 1449 187 1522 et
213 1441 448 1544 indulgentia
474 1439 584 1543 plene
611 1437 851 1518 consulimus.
1107 1527 1111 1542 ¹

232 1591 252 1634 ‹
282 1561 384 1640 Inter
410 1561 504 1638 haec
531 1585 647 1636 novas
675 1561 760 1634 tuas
788 1556 931 1634 litteras
954 1554 1163 1656 accepimus
1181 1558 1288 1634 datas
1306 1558 1366 1637 die
1385 1557 1478 1636 XVI

150 1679 381 1782 Septembris
408 1677 644 1766 haimerci,
665 1682 778 1776 abque
797 1701 873 1753 una
891 1674 1003 1751 simul
1022 1673 1313 1777 chirographum
1333 1701 1357 1752 a
1377 1678 1474 1754 Ven.

149 1795 213 1874 Fr.
237 1797 409 1874 Simeone
427 1793 716 1896 Arobiepiscopo
737 1793 947 1884 Sophenen,
969 1793 1030 1869 die
1049 1794 1170 1893 prima
1187 1793 1349 1870 eiusdem
1372 1817 1477 1870 men·

153 1916 204 1992 sis
231 1916 421 2016 signatum
450 1919 495 1992 ad
525 1939 630 1992 suam
674 1913 933 1992 adhaesionem
977 1913 1080 1992 Sacri
1117 1911 1270 1990 Concilii
1300 1911 1478 1992 Vaticani

144 2033 477 2112 constitutionibus
522 2032 860 2135 comprobandam:
889 2032 985 2132 quod
1021 2037 1060 2107 et
1092 2055 1115 2104 a
1145 2032 1242 2106 Ven.
1273 2029 1336 2106 Fr.
1368 2030 1479 2108 Tho·-

153 2177 213 2228 ma
247 2153 536 2256 Archiepiscopo
578 2149 777 2230 Bassoren.
808 2149 866 2226 die
895 2148 1021 2226 XXIX
1049 2149 1132 2226 Iulii
1160 2149 1271 2226 huius
1299 2150 1385 2226 anni
1417 2175 1479 2228 ac·

148 2277 232 2348 tum
259 2271 398 2350 luerat.
429 2272 514 2361 Qua
539 2273 584 2348 de
611 2295 650 2348 re
680 2270 807 2346 iisdem
840 2271 934 2346 Ven.
957 2269 1151 2347 Fratribus
1179 2268 1322 2370 tibique
1349 2273 1479 2372 gratu⁸

151 2390 293 2487 lamur,
324 2393 423 2496 quod
450 2389 646 2470 Praesules
673 2412 800 2466 omnes
827 2389 884 2466 tui
914 2389 1189 2490 patriarchatus
1217 2389 1413 2466 unanimes
1441 2393 1480 2468 et

145 2533 233 2586 oum
261 2532 444 2587 consensu
474 2509 706 2586 ambulantes
734 2508 772 2584 in
800 2509 907 2584 domo
935 2509 1111 2594 Domini,
1143 2508 1242 2585 hanc
1268 2508 1480 2586 animorum

151 2628 430 2707 consensionem
458 2652 534 2706 non
561 2630 668 2706 corde
704 2631 848 2704 tantum
887 2625 1058 2717 tbveant,
1091 2629 1155 2702 sed
1196 2625 1412 2702 solemniter
1440 2631 1480 2704 et

149 2749 272 2848 palam
309 2749 553 2850 profiteantur
575 2772 589 2823 :·
615 2769 689 2850 quo
715 2744 811 2822 nihil
839 2749 897 2822 est
924 2749 1173 2850 opportunius
1202 2747 1247 2820 ad
1274 2744 1482 2822 schismata

149 2867 210 2944 vel
237 2865 470 2970 impedienda
496 2866 556 2944 vel
585 2867 699 2942 ctiam
727 2864 993 2967 extinguenda,
1015 2872 1053 2942 et
1071 2888 1198 2974 pacem
1227 2864 1328 2942 inter
1354 2863 1482 2942 fideles

143 2986 459 3062 conservandam.
970 3007 972 3012 ’

235 3135 254 3178 ‹
286 3107 367 3207 lpse
394 3109 517 3182 autem
550 3107 730 3185 Dominus
760 3105 858 3209 pacis
884 3105 1078 3184 confirmet
1104 3099 1164 3183 Te
1184 3102 1223 3180 in
1243 3103 1342 3180 omni
1371 3127 1483 3205 opere

152 3227 260 3314 boue,
292 3231 330 3303 et
357 3229 420 3302 det
446 3227 530 3304 Tibi
559 3251 687 3330 pacem
717 3228 1009 3326 sempiternam3
1038 3226 1145 3302 cuius
1173 3225 1324 3300 nomine
1350 3231 1388 3301 et
1416 3250 1488 3310 au·¹

10 3337 11 3342 ‘
144 3344 325 3420 ctoritate
352 3343 607 3446 Apostolicam
636 3345 939 3422 Benedictionem
969 3342 1075 3433 Tibi,
1109 3348 1148 3418 et
1176 3342 1360 3420 universis
1389 3341 1484 3442 Epi-

10 3539 11 3546 ,
145 3461 286 3564 scopis,
318 3462 484 3557 clericis,
518 3465 707 3542 monachis
736 3467 774 3539 et
800 3463 898 3540 fideli
928 3461 1061 3564 populo
1090 3459 1379 3560 Babyloniensis
1410 3463 1481 3540 Pa-
1541 3467 1543 3472 ’

153 3577 391 3666 triarchatus,
425 3583 466 3660 in
493 3583 752 3662 communione
778 3587 815 3656 et.
842 3581 1051 3656 obedientia
1092 3578 1328 3680 apostolicae
1370 3579 1481 3658 Sedis

149 3700 492 3798 perseverantibus,
523 3709 759 3804 peramanter
787 3700 1030 3804 impertimus.

159 3811 162 3816 ’
235 3813 373 3892 Datum
402 3819 546 3897 Romae
575 3822 669 3920 apud
700 3819 739 3897 S.
771 3819 926 3897 Petrum
954 3818 1013 3894 die
1042 3817 1132 3896 XIV
1161 3817 1383 3896 Novembris
1413 3839 1476 3894 an.

153 3931 464 4031 MDOOOLXXH
498 3939 744 4018 pontificatus
774 3936 897 4014 Nostri
929 3962 990 4014 an.
1023 3938 1228 4018 XXVII.»

239 4053 302 4130 14.
333 4057 377 4134 ln
405 4080 608 4160 response,
640 4061 737 4159 quod
768 4057 868 4134 hisce
909 4058 1056 4133 Nostris
1099 4054 1233 4133 litteris
1270 4055 1373 4134 dedit
1411 4055 1486 4132 Pa·

149 4171 320 4252 triarcha
347 4174 424 4278 (l),
457 4176 585 4254 multis
615 4179 737 4254 verbis
772 4201 875 4254 suam
905 4200 994 4278 erga
1022 4177 1098 4254 Nos
1125 4179 1164 4252 et
1188 4175 1285 4254 hanc
1327 4177 1488 4278 Aposto-

148 4289 264 4370 licam
292 4291 338 4372 Β.
372 4293 478 4372 Petri
506 4296 718 4372 cathedram
757 4293 1001 4372 obedientiam
1030 4319 1075 4371 ac
1101 4294 1335 4370 devotionem
1374 4293 1489 4396 profi·

150 4411 319 4504 emtus,
350 4435 465 4515 seque
492 4413 642 4489 omnino
667 4419 885 4488 curaturum
913 4412 1172 4514 promittebat,
1205 4415 1248 4490 ut
1275 4410 1404 4491 fideles
1429 4409 1486 4491 sui

230 4570 270 4648 (ι)
287 4577 368 4634 nota
382 4578 442 4632 aaa
457 4577 503 4631 ar·
525 4577 558 4629 ra
576 4577 643 4630 narr
666 4576 744 4632 raro.
