3622 5232
471 523 727 600 attonsum
750 523 892 600 ootsstu
916 523 1060 598 nostin

663 723 851 858 PH

207 991 571 1074 DIVINA
619 989 1327 1076 PROVIDENTIA

413 1227 879 1368 PAPAE
948 1233 1115 1370 IX.

548 1521 982 1636 nosocomo

164 1772 291 1828 unuln
317 1771 379 1825 Dl!
405 1773 482 1824 ¹¹11
510 1773 604 1824 lUNlt
636 1773 872 1828 uocccnxxvu
900 1774 946 1826 ΑΙ)
971 1774 1003 1826 8.
1024 1773 1062 1827 Ι.
1082 1773 1119 1827 1.
1140 1771 1369 1829 mentitum

546 1887 586 1942 ut
613 1889 769 1944 Anninus
798 1887 987 1944 venientu!

530 2537 787 2594 assensibus
819 2537 989 2594 FRATRES

180 2741 436 2820 Gratissimum
464 2747 521 2818 ost
549 2741 664 2818 Nobis
692 2740 800 2818 hodie
827 2745 1023 2842 conspectu
1054 2738 1125 2816 frui
1147 2738 1429 2840 frequentiaque

115 2861 246 2952 Vestra,
270 2885 345 2939 non
364 2861 480 2938 solum
500 2867 543 2937 ut
565 2859 762 2938 Vobiscum
783 2884 937 2962 agamus
955 2859 1001 2936 de
1021 2859 1128 2938 novis
1149 2859 1430 2960 praestantibus

114 2979 194 3056 viris
219 2983 256 3060 in
285 2979 555 3084 amplissimum
585 2981 752 3058 ordinem
782 2981 945 3056 vostrum
975 2979 1198 3080 cooptandis,
1232 2981 1429 3058 sedetiam

115 3107 150 3174 ut
174 3100 428 3191 iustissimum,
460 3101 557 3200 quod
585 3101 701 3176 Nobis
729 3097 890 3176 maxime
918 3097 1019 3176 cordi
1046 3105 1116 3184 est,
1149 3097 1310 3174 officium
1338 3121 1430 3200 erga

117 3219 342 3298 Venerabiles
369 3218 519 3296 Fratres
547 3216 795 3300 Ecclesiarum
816 3215 1001 3296 Catholici
1020 3215 1131 3294 Orbis
1150 3216 1364 3308 Antistitcs,
1389 3221 1428 3294 ct

114 3363 190 3436 erge
217 3337 481 3416 christifideles
510 3338 704 3415 universos
732 3335 964 3438 impleamus,
994 3362 1039 3416 ac
1065 3335 1216 3415 intimos
1235 3361 1364 3414 sensus
1385 3336 1431 3412 ad

114 3486 168 3538 eos
193 3489 458 3566 expromamus,
491 3488 582 3564 quos
611 3464 719 3541 corde
746 3465 938 3542 continere
964 3487 1039 3541 non
1072 3487 1283 3566 possumus.
1319 3464 1431 3540 Dedit

113 3588 203 3662 enim
229 3589 342 3668 Nobis
371 3615 490 3692 nuper
516 3589 666 3666 divinae
693 3587 923 3666 Clementiae
951 3587 1155 3690 amplitudo
1189 3591 1337 3690 praeter
1374 3593 1432 3666 tot

114 3706 182 3782 alia
205 3707 366 3812 insignia
394 3708 571 3786 bonitatis
599 3734 687 3786 suae
726 3714 962 3810 argumenta,
1005 3712 1046 3783 ut
1082 3707 1429 3810 quinquagesimum

115 3828 262 3906 natalem
290 3831 388 3906 diem
416 3826 649 3930 Episcopalis
683 3829 842 3904 Nostrae
879 3827 1169 3905 consecrationis
1207 3829 1425 3918 videremus,

115 3957 215 4052 atque
240 3954 309 4032 hoc
337 3979 470 4031 munus
499 3951 582 4030 aliis
610 3953 723 4028 etiam
753 3951 967 4029 muneribus
996 3951 1214 4042 cumulavit,
1238 3958 1280 4030 ut
1299 3977 1429 4054 nempe

114 4080 181 4146 um
207 4074 359 4152 affusam
389 4075 458 4151 bac
485 4073 677 4150 occasione
705 4098 794 4174 erga
822 4073 897 4150 Nos
926 4075 965 4149 et
988 4072 1161 4150 Sanctam
1182 4073 1279 4150 banc
1297 4071 1428 4151 Sedem

113 4191 331 4270 dilectionem
351 4194 517 4271 oninium
536 4193 721 4281 ordinum,
747 4201 822 4268 tum
844 4193 960 4274 Urbis
979 4193 1147 4283 Nostrae,
1172 4200 1250 4270 tum
1271 4192 1427 4269 aliorum

114 4319 319 4417 populorum
360 4322 399 4394 et
438 4317 632 4394 nationum
675 4317 893 4419 longissimo
930 4317 1041 4392 etiam
1082 4331 1204 4394 terrae
1243 4317 1428 4418 marisque

113 4449 222 4514 tractu
250 4465 272 4512 a
301 4439 405 4514 nobis
442 4439 672 4527 (limitatum,
715 4445 789 4513 tam
831 4437 925 4513 mira
962 4437 1138 4538 obsequii,
1181 4437 1348 4539 pietatis,
1391 4440 1430 4512 et

112 4556 331 4636 liberalitatis
358 4585 483 4638 eorum
519 4562 774 4665 experiremur
811 4560 953 4654 officia,
994 4585 1091 4668 quae
1129 4587 1214 4638 vere
1252 4585 1426 4665 magnum

163 4696 232 4744 Aeta
249 4695 317 4746 Tou.
333 4694 447 4762 1,foce.
462 4695 557 4748 0111.
1337 4699 1367 4750 u
