3674 5210
571 213 608 264 ex
634 216 717 262 acras
741 213 1020 263 eoustsroraauaus
1415 190 1458 262 65

545 313 603 392 iix
631 336 767 392 cuorus
796 313 1045 390 Dracouoadu

210 475 264 555 R.
295 477 343 554 P.
375 477 422 553 D.
453 477 698 553 Laurentium
739 475 837 552 Nina
865 473 1097 550 assessorem
1136 475 1175 553 S.
1210 475 1263 554 R.
1294 479 1331 552 et
1360 473 1459 555 Uni-

135 596 285 668 versalis
313 595 582 696 Inquisitionis,

216 713 263 788 Ρ..
298 716 344 791 Ρ.
375 713 422 790 D.
464 714 626 789 Aeneam
675 710 857 790 Sbarretti
892 711 1137 790 Seorelarium
1177 711 1216 789 S.
1248 712 1460 816 Congrege-

135 833 248 910 tionis
275 833 323 912 ll.
355 836 395 910 ei
424 833 685 935 Regularium.

213 953 265 1030 R.
297 951 344 1029 P.
374 952 422 1029 D.
453 951 682 1029 Fridericum
711 954 757 1030 de
784 952 940 1030 Falloux
975 953 1021 1030 du
1052 954 1221 1055 Ooudray
1250 953 1457 1053 Regenlem

133 1071 388 1152 cancellariae
418 1071 670 1174 apostolicae.
1020 1093 1022 1098 ·

211 1193 355 1271 Deinde
381 1195 509 1271 eadem
537 1193 725 1280 Sanctitas
755 1195 830 1274 Sua
871 1195 1027 1300 dignata
1059 1202 1115 1274 est
1143 1201 1337 1292 sepueules
1378 1221 1462 1297 pru·
1569 1179 1574 1192 ’

133 1331 270 1412 ponere
297 1307 500 1388 Ecclesiae:

199 1522 767 1588 OaraanaanasEcctasrasOsrrsu.
826 1520 1037 1598 instauratam3
1065 1523 1224 1588 Veliterna
1250 1545 1337 1600 vero,
1358 1525 1463 1590 Baiti-

132 1649 171 1695 ιτ
203 1630 424 1694 Vntrrnuunu.
450 1627 584 1694 invicem
614 1636 772 1713 perpetuo
826 1645 879 1691 cae
897 1626 989 1691 titulo
1007 1627 1220 1704 cohonestare,
1240 1633 1270 1696 S.
1293 1631 1464 1697 Oleurentis

132 1737 285 1802 canonice
310 1733 411 1800 unitas
433 1753 541 1800 racan.
567 1751 626 1818 per
650 1733 769 1798 obitum
826 1736 925 1819 Papae
942 1744 973 1796 et
992 1737 1130 1818 ilartyris
1148 1748 1179 1801 et
1196 1737 1387 1803 cathedralis
1414 1743 1464 1802 Pa-

132 1844 207 1908 ciar.
235 1859 300 1906 me.
328 1837 524 1906 constantini
549 1837 626 1904 dum
650 1839 774 1904 viverat
827 1841 908 1904 troni
923 1837 1464 1930 inveratienegaudeuatqueitpo-

131 1950 164 2014 S.
192 1951 230 2014 R.
250 1949 286 2011 ll.
307 1943 599 2014 cardinalisPatrizi
616 1944 770 2030 postremi
825 1947 954 2010 stolicae
979 1949 1108 2012 sanctae
1126 1948 1200 2012 Sedi
1218 1960 1265 2014 est
1281 1949 1464 2019 immediate

132 2057 258 2120 illarum
281 2051 430 2140 Episcopi
443 2048 528 2136 apud
542 2067 701 2114 romanam
719 2067 775 2114 cu·
826 2051 978 2117 subiecta.

131 2163 212 2229 riam
236 2155 392 2234 defunctis
410 2175 487 2242 quas
511 2167 619 2242 optare
636 2153 774 2220 intendit
894 2159 996 2224 Ostiae
1014 2162 1241 2228 Canonicorum
1260 2165 1394 2253 collegio
1411 2167 1466 2232 de-

133 2271 232 2332 Erirus
266 2281 301 2328 ac
323 2265 420 2329 umus
452 2259 604 2324 Dominus
640 2258 773 2323 lloisius
825 2265 953 2330 stitutae
967 2266 1230 2353 archipresbyter
1244 2281 1361 2336 tantum
1377 2294 1467 2358 prae-

133 2377 234 2460 ipsius
258 2375 291 2439 S.
318 2371 354 2435 ll.
381 2370 418 2432 E.
436 2363 616 2464 'cardinatis
642 2366 731 2428 Amat
755 2383 773 2428 e
827 2379 875 2435 sto
898 2381 945 2436 est
969 2383 1001 2435 et
1025 2373 1224 2455 Capelianus.
1244 2377 1467 2444 Veliterueuse

133 2489 250 2554 sancto
273 2481 419 2566 Philippo
443 2487 475 2544 ot
497 2479 591 2542 Sorso
615 2477 645 2542 S.
671 2475 775 2540 Colle·
827 2487 932 2540 autem
947 2478 1125 2560 Capitulum
1140 2481 1468 2567 archipresbyteratus

133 2595 176 2682 gii
211 2599 374 2668 fiscanne,
398 2584 563 2666 hueusque
597 2583 774 2655 Portuensis
827 2581 922 2644 solam
941 2597 1084 2648 recenset
1100 2584 1297 2673 dignitatem,
1315 2588 1467 2654 tredecim

133 2721 167 2764 ac
192 2705 225 2767 S,
245 2699 376 2766 Rufinae
393 2700 577 2788 Epismpus'
598 2703 710 2770 iisdem
733 2715 772 2768 [a.
828 2707 900 2754 dum
925 2689 1071 2779 iilOOiOssO
1096 2711 1130 2756 OG
1145 2695 1391 2779 poenitentiario
1412 2699 1468 2762 Ca·

133 2825 210 2871 men
235 2807 372 2872 dimissis
396 2809 554 2875 aeclesiis,
828 2797 1469 2879 nonicos‚seudecimBeneficiatosalios-

200 2913 285 2978 Ostia
315 2912 461 2980 Tiberina
487 2917 561 2980 urbs
586 2917 660 2982 olim
691 2919 776 2983 cele-
829 2921 892 2986 <1¹¹³
917 2905 1118 2989 Psfflbliffl'ffi
1142 2916 1175 2972 ei
1199 2907 1336 2976 Clesiffls
1357 2913 1401 2976 rei
1420 2911 1469 2978 dl·

135 3019 274 3084 berrima
301 3017 340 3084 ad
363 3023 456 3084 maris
485 3023 708 3090 mediterranei
738 3026 776 3090 li·
830 3009 921 3074 vinae
946 3029 1073 3096 Opssl‘iffl
1099 3024 1259 3080 flatantes·

135 3135 209 3202 tus,
236 3126 278 3190 ob
301 3127 380 3190 aeris
405 3127 637 3194 inclementiam
667 3133 775 3216 paucis
895 3121 953 3180 ΡθΙ·
968 3118 1468 3206 archipresbyterum,cerastae

135 3231 311 3298 hodiedum
335 3233 488 3298 conflatur
511 3234 671 3314 domibus,
697 3257 776 3322 pau.
830 3225 1033 3311 Capelianus,
1059 3238 1090 3291 et
1116 3225 1147 3293 in
1173 3227 1297 3293 Basilica
1332 3232 1465 3295 Velitur·

135 3337 245 3421 cisque
266 3336 457 3403 inhabitami-
473 3339 605 3417 civibus,
625 3342 678 3426 qui
698 3354 776 3409 iem.
829 3331 917 3397 aeusi
950 3333 1013 3399 dato
1044 3334 1228 3400 Sacerdotes
1256 3336 1465 3412 audiantur,

134 3461 216 3527 pore
240 3445 360 3509 aestivo
384 3445 559 3530 proximam
584 3453 774 3534 ρθιῃῃῑῆο.
829 3439 1000 3505 animalum
1034 3459 1106 3506 cura
1140 3443 1214 3524 ipsis·
1245 3455 1412 3508 Olersselut·
1438 3447 1469 3510 in

137 3567 233 3625 ruarm3
272 3549 387 3615 Civitas
423 3569 500 3615 vero
537 3552 694 3620 Veliterna
730 3555 775 3620 in·
831 3546 1077 3613 cathedralibus-

137 3667 181 3720 tra
208 3656 285 3720 latii
311 3653 388 3722 fines
410 3656 450 3722 ad
475 3657 592 3724 clivum
617 3663 772 3728 ,luteruisii
895 3655 991 3720 lluiua
1018 3668 1136 3722 tantum
1157 3669 1242 3722 extat
1258 3660 1359 3726 Ostiae
1377 3663 1470 3727 laico-

134 3765 255 3827 mootis
289 3761 475 3842 aedificata,
513 3766 608 3832 trium
648 3768 776 3834 circiter
830 3782 898 3828 rum
922 3764 1080 3840 sodalitas.
1099 3779 1130 3829 et
1147 3765 1311 3852 hospitale
1336 3772 1470 3834 Veliter-

136 3867 320 3934 miiiiarium
345 3879 392 3934 est
415 3871 563 3948 ambitus,
582 3875 776 3961 octingentas
831 3866 917 3934 oettsi
946 3887 1021 3933 vero
1053 3871 1083 3936 in
1109 3872 1187 3936 erue
1212 3873 1354 3958 utrmque
1379 3893 1470 3959 prae-

137 3975 204 4040 iere
228 3977 371 4042 continet
391 3975 512 4052 domos,
534 3997 666 4064 cumque
684 3983 774 4064 qum
831 3987 912 4039 terea
932 3992 1137 4042 receuseutur
1156 3981 1344 4062 par-saisias
1361 3984 1468 4044 Eccle-

136 4079 242 4147 decim
265 4079 354 4146 mille
376 4083 448 4166 plus
472 4085 616 4150 uriuusre
635 4084 775 4152 incolum
830 4079 892 4144 siae
918 4080 1089 4166 baptismali
1117 4083 1203 4149 iente
1231 4088 1387 4164 ortandae.
1413 4109 1465 4152 set

136 4188 235 4255 cives,
831 4205 888 4272 pro
919 4186 1018 4265 viris,
1043 4209 1077 4255 ac
1100 4190 1164 4256 duo
1195 4211 1253 4277 pro
1281 4195 1468 4259 mulieribus

205 4292 398 4359 cathedralis
445 4294 580 4361 uri-iasa
628 4296 775 4362 Ostiensis
830 4296 1040 4371 monasteria,
1074 4299 1122 4384 pia
1154 4317 1325 4384 puerorum
1357 4301 1468 4364 damas

137 4401 172 4466 S.
201 4401 321 4465 ¹lureae
346 4402 464 4488 Virguu
484 4417 515 4468 et
535 4403 655 4486 llartyri
678 4403 776 4468 dicata
832 4419 889 4486 pro
919 4400 1032 4466 scholis
1056 4405 1247 4482 christianis,
1275 4425 1332 4490 pru
1357 4407 1468 4490 puellis

137 4505 297 4594 antiquam
314 4508 454 4592 praelert
469 4523 659 4574 structuram
674 4529 776 4597 carpor
832 4509 1165 4597 orphanotrophium,
1202 4526 1234 4578 et
1268 4524 1469 4579 conseruate·
