3670 5222
622 231 706 284 olom
732 229 906 282 servituras
931 229 1023 280 socon
1426 203 1487 278 tto

150 337 292 418 virtute
311 337 402 414 iuris
421 333 687 413 destituuntur.
712 331 880 410 Delnisse
893 332 931 408 in
947 330 1109 408 themate
1123 329 1214 408 iuris
1229 333 1482 413 adsistentiam

149 462 288 564 ambigi
310 459 450 561 aequit;
472 457 560 558 quia
578 455 693 532 defuit
712 450 1000 556 hypothecariae
1022 453 1274 553 inscriptionis
1295 458 1484 532 renovatio

150 584 196 659 ad
211 582 381 658 tramites
394 580 517 683 legum
539 577 744 654 italicarum
761 573 1036 650 decernentium
1057 571 1195 648 eredita
1215 572 1485 674 hypothecaria

150 703 229 779 fieri
264 701 393 779 inania
429 699 502 776 nisi
539 698 747 800 praedictae
786 693 1015 769 renovationi
1053 693 1277 772 niterentur.
1320 696 1485 774 Proinde

150 825 206 898 ius
234 823 332 899 reale
361 820 527 906 evanuit,
558 817 799 894 renovatione
827 811 1028 889 deficiente.

231 943 291 1018 Ex
319 939 449 1043 agendi
480 938 626 1014 ratione
646 933 791 1012 illorum
820 934 1119 1034 presbyterorum
1150 935 1269 1038 magis
1296 935 1486 1018 illucescet

148 1062 240 1138 iuris
270 1062 381 1137 realis
410 1060 597 1135 interitus.
630 1055 693 1132 lsti
719 1053 831 1142 enim,
856 1053 983 1153 paucis
1001 1057 1181 1156 exceptis,
1204 1059 1370 1157 praedia,
1392 1086 1486 1162 quae

148 1181 310 1283 ipsorum
342 1181 481 1270 favore,
504 1174 736 1280 hypothecae
764 1171 924 1248 vinculis
953 1171 1102 1249 fuerant
1131 1177 1356 1279 mancipata,
1393 1205 1485 1257 ven·

147 1302 283 1392 didere,
316 1305 383 1377 aut
410 1298 620 1375 eorumdem
652 1294 901 1370 venditionem
929 1300 1049 1370 ratam
1079 1295 1254 1390 habuere,
1279 1323 1346 1376 ceu
1367 1303 1485 1378 tradit

148 1419 371 1498 Ordinarius
399 1419 493 1521 ipse.
525 1417 596 1492 Ast
624 1414 661 1490 in
688 1414 769 1490 iure
798 1414 931 1488 scitum
959 1425 1029 1506 est,
1062 1417 1104 1490 ad
1138 1416 1337 1518 hypotecae
1355 1421 1484 1500 dimit·

149 1547 293 1633 tendas‚
312 1542 410 1618 hanc
425 1538 630 1616 methodum
649 1533 726 1611 fore
741 1533 965 1610 tutissimam
981 1535 1008 1610 t.
1028 1535 1115 1636 7ff.
1132 1539 1234 1639 qaid.
1254 1541 1352 1616 mod.
1364 1548 1482 1645 ptyra.

152 1663 211 1738 vel
238 1663 395 1766 hypoth.
427 1662 523 1738 sota.
558 1689 577 1731 ‹
612 1657 663 1732 ibi
702 1683 722 1728 ›
760 1654 810 1734 Sa·
846 1661 1037 1732 consensit
1079 1659 1288 1735 venditioni
1321 1663 1487 1740 creditor

145 1783 342 1859 liberatur
361 1781 583 1886 hypotheca.
606 1777 685 1854 Nec
703 1773 883 1852 absimilis
902 1777 958 1848 est
978 1777 1053 1851 tea.
1078 1775 1167 1854 158
1194 1781 1240 1856 de
1258 1807 1341 1884 rey.
1362 1789 1483 1862 iaris:

151 1900 329 1980 Creditor
355 1909 423 2006 qai
444 1903 640 2004 permittit
666 1920 750 1971 rem
777 1901 936 1979 venire,
969 1902 1121 1998 piynas
1158 1899 1334 1977 [limittit.
1379 1903 1489 1988 otoo

147 2023 193 2099 cle
221 2023 430 2124 hypotheca
459 2026 575 2094 etiam
603 2027 682 2090 tuto
711 2015 954 2091 retinendimr
983 2025 1056 2104 est,·
1084 2023 1175 2118 qaia
1204 2025 1307 2094 inter
1335 2029 1488 2124 piyaas

145 2154 178 2215 ct
199 2143 447 2245 hypothecam
465 2144 804 2216 nominativorum
824 2134 1108 2235 sorrasdiffert,
1130 2139 1156 2213 t.
1180 2137 1222 2216 5.
1241 2142 1288 2241 Τ.
1311 2142 1358 2217 de
1370 2151 1484 2247 ptya-

146 2272 179 2333 et
208 2263 363 2366 hypoth.
394 2259 496 2338 Rota
523 2268 661 2333 recent.
687 2265 796 2360 part.
829 2253 855 2330 9
886 2266 975 2329 tom.
1010 2254 1050 2331 1.
1082 2255 1198 2335 Docte
1229 2259 1313 2336 179
1343 2289 1383 2339 a.
1411 2265 1483 2355 78,

147 2381 249 2484 Erga
277 2382 371 2457 iuris
404 2379 513 2456 realis
543 2377 716 2454 interitus
743 2373 872 2475 liquet.

225 2502 444 2582 Sacerdotes
471 2503 563 2576 istos
586 2499 766 2576 excidisse
789 2497 925 2573 esacri
945 2497 1160 2598 patrimonii
1181 2500 1322 2578 iuribus
1340 2503 1485 2581 eruitur

146 2625 256 2698 etiam
286 2647 333 2698 ex
362 2647 404 2698 eo
432 2623 531 2724 quod
559 2621 630 2694 viri
660 2617 823 2719 religiosi
853 2619 1128 2719 assignaverint
1148 2621 1359 2722 pensionem
1380 2622 1486 2700 libel-

148 2749 262 2823 larum
291 2739 372 2819 2110
399 2742 437 2817 in
471 2740 617 2817 titulum
656 2741 749 2816 sacri
789 2738 1002 2840 patrimonii
1038 2742 1152 2816 donec
1189 2743 1482 2841 providerentur.

148 2865 214 2936 Ast
243 2861 280 2935 in
309 2859 389 2936 iure
418 2845 637 2935 tralatitium
669 2861 728 2933 est
757 2857 906 2933 verbum
935 2859 1051 2936 ‹lonec
1083 2862 1327 2936 conditionem
1366 2861 1485 2939 lacere

148 2983 218 3084 try.
246 2982 324 3067 oet
352 2983 606 3058 concubinam
634 2981 671 3078 ᾗ.
695 2987 816 3056 acori
838 2981 883 3083 ff.
916 2980 961 3054 cte
989 2981 1103 3082 tryat.
1148 2979 1209 3064 3..
1248 2982 1390 3058 Bartol.
1439 2988 1483 3057 in

147 3102 209 3175 lib.
243 3103 267 3178 1
300 3128 340 3176 n.
375 3100 432 3177 15
457 3102 503 3204 Τ.
535 3101 579 3177 de
607 3100 768 3175 condiet.
802 3109 836 3174 et
863 3099 1071 3173 demonstr.
1114 3101 1219 3178 Surd.
1261 3127 1364 3178 cons.
1396 3102 1485 3179 439

144 3245 184 3296 a.
213 3221 242 3297 9
271 3247 290 3296 e
320 3221 377 3298 10
409 3223 506 3300 Rota
533 3246 611 3296 cor.
648 3219 778 3295 Tacta.
812 3217 940 3294 Dacis.
971 3219 1077 3298 235.
1099 3247 1139 3294 a.
1170 3222 1213 3299 8.
1246 3223 1332 3298 hinc
1358 3223 1485 3300 harum

146 3343 450 3439 patrimoniorum
479 3341 777 3417 constitutionem
807 3339 921 3415 luisse
949 3341 1235 3418 conditionalem
1265 3346 1401 3448 ambigi
1425 3372 1485 3426 ne·

143 3463 237 3562 quit,
271 3471 312 3537 ut
340 3463 497 3539 videtur.
530 3459 756 3562 Quapropter
783 3483 865 3534 oum
888 3459 1037 3562 planum
1056 3462 1196 3538 sitiam
1218 3463 1315 3540 bona
1339 3473 1486 3568 privata

143 3589 207 3655 aut
235 3581 451 3657 beneficium
481 3581 695 3658 Sacerdotes
723 3584 850 3654 nrrctus
870 3579 997 3674 luisse,
1020 3581 1153 3682 nequit
1171 3582 1330 3659 dubitari
1362 3587 1486 3686 proin.

143 3703 198 3794 de,
229 3701 320 3800 quin
349 3702 543 3803 purificata
571 3697 680 3776 hodie
708 3697 932 3790 conditione,
966 3701 1135 3802 subque
1163 3703 1367 3803 assignatio
1386 3706 1485 3784 facta

143 3820 224 3911 tuit,
259 3821 481 3922 patrimonia
509 3823 555 3898 ad
583 3821 684 3922 ipsos
712 3822 945 3921 assignantes
973 3822 1196 3921 pertineant.
1220 3822 1331 3925 hique
1358 3849 1401 3902 eo
1427 3826 1485 3903 vel

142 3939 276 4018 lortius
306 3940 551 4032 retinendum,
584 3943 672 4040 quia
702 3941 1006 4042 patrimoniorum
1036 3941 1245 4043 assignatio
1272 3941 1391 4022 lacum
1420 3949 1485 4023 ha-

142 4061 233 4152 huit,
265 4059 479 4139 clericorum
511 4067 726 4163 paupertate
745 4067 914 4163 urgente.
939 4061 1142 4137 Promissio
1162 4085 1250 4141 vero
1270 4066 1316 4139 ob
1335 4091 1483 4143 causam

142 4180 371 4282 paupertatis
400 4180 526 4256 hahita
554 4189 688 4273 cessat,
712 4185 878 4254 cessante
900 4188 1127 4280 paupertate,
1151 4183 1180 4259 t.
1203 4209 1297 4260 cara
1317 4186 1355 4283 ξ.
1384 4184 1484 4288 Defi-

144 4307 311 4378 centiam
335 4301 382 4403 ff.
413 4301 461 4376 de
488 4306 666 4375 nranrris
695 4311 727 4372 et
755 4299 913 4376 hormrr's
941 4309 976 4373 et
1004 4308 1044 4373 in
1073 4301 1099 4376 l.
1131 4302 1266 4379 abhis
1301 4305 1483 4382 oneribus

143 4419 178 4516 ξ.
210 4425 334 4495 tractis
358 4421 404 4522 [Τ.
436 4419 481 4495 tte
508 4429 614 4494 corat
642 4428 677 4493 et
704 4427 872 4496 accenset.
899 4443 1048 4496 maner.
1071 4421 1241 4498 Roman.
1265 4449 1368 4499 cans.
1392 4423 1478 4499 404

144 4564 291 4618 viriiiter.
323 4539 353 4616 5
382 4540 531 4617 Addere.
566 4541 618 4616 net
645 4539 759 4614 atacis.
791 4539 877 4615 617
909 4566 949 4614 a.
982 4539 1073 4617 510
1109 4553 1143 4617 et
1179 4567 1256 4647 req.
1289 4555 1399 4652 part.
1435 4547 1476 4622 4.
