3670 5222
338 249 398 322 til
755 280 845 326 suram
873 283 1069 330 etenntrstms
1094 285 1238 334 utsstuuu

333 366 610 448 voluntatens
657 382 865 452 intentione
901 382 1132 479 offerentis,
1180 385 1390 464 oblationes
1429 389 1521 494 fieri
1573 419 1658 467 cen-

333 501 469 564 sentur
512 487 695 566 'Poroclzo
742 502 891 569 rationo
932 521 1048 572 curae
1107 507 1364 588 animorum,
1408 506 1660 584 administro-

334 613 437 683 tione
463 622 812 703 sacramentorum,
847 627 880 689 el
909 617 1079 694 aliorum
1114 621 1349 698 divinorum.
1377 653 1395 694 ›
1426 627 1466 702 ln
1495 627 1661 705 themate

335 723 455 802 autem
484 730 637 830 pronius
666 734 850 832 praesumi
881 759 986 836 posse
1017 739 1200 815 videretur
1228 739 1470 820 intentionem
1500 745 1661 824 offeren-

336 847 428 924 tium
457 846 566 924 talem
596 873 676 926 esse
705 857 745 926 ut
774 876 840 952 pro
870 855 977 930 unico
1005 857 1182 934 sarrrificio
1210 861 1252 936 in
1277 861 1336 936 die
1373 863 1563 962 assignato
1592 892 1662 968 pe-

334 969 481 1046 cuniam
510 975 623 1085 totam
655 970 831 1051 offerant.
864 974 1015 1052 Alfabre
1036 978 1089 1055 ait
1111 979 1209 1056 Rota
1236 981 1351 1058 decis.
1385 981 1458 1061 37.
1482 997 1592 1089 parri.
1615 987 1659 1066 5.

332 1097 425 1167 tom.
460 1090 499 1166 1.
531 1115 571 1165 n.
607 1089 678 1168 13.
719 1092 874 1171 Recent.
918 1096 1040 1173 ‹ibi-
1079 1099 1134 1174 Do
1162 1106 1293 1200 primo
1326 1101 1381 1180 od
1409 1105 1597 1183 ultimum
1623 1115 1662 1180 in

333 1205 498 1289 materia
525 1212 764 1289 oblationum
791 1215 1023 1294 attondendo
1042 1229 1097 1293 est
1116 1219 1291 1320 lopitimo
1309 1220 1482 1302 locorum
1512 1253 1663 1304 consue·

332 1335 426 1410 todo
453 1342 489 1409 et
517 1357 719 1410 mousson
748 1335 925 1412 noluntas
945 1338 1247 1438 offerentium.»
1288 1341 1440 1418 Barbas.
1483 1346 1528 1421 de
1558 1346 1660 1450 Offic.

333 1463 368 1530 el
398 1453 541 1528 Poost.
575 1451 749 1528 Puroobi
783 1464 895 1566 port.
927 1453 970 1532 3.
1002 1483 1085 1560 cop.
1108 1457 1183 1536 24.
1214 1484 1255 1533 n.
1289 1457 1344 1538 31
1353 1473 1402 1536 ,rt
1420 1463 1527 1542 [ciris
1557 1467 1659 1546 [dccl.

333 1581 506 1650 univers.
539 1597 622 1675 cop.
654 1570 728 1650 23.
751 1599 791 1651 n.
822 1574 896 1653 21.

416 1693 566 1794 Insuper
594 1695 822 1771 consuetudo
849 1696 892 1770 de
921 1720 993 1796 qua
1021 1698 1145 1798 agitur
1164 1697 1299 1776 nullam
1322 1701 1560 1798 iniustitiam,
1583 1703 1662 1781 nul-

334 1814 481 1916 lamque
509 1815 686 1892 iniuriam
714 1816 753 1892 in
782 1839 821 1894 se
849 1817 1035 1909 eontinet;
1066 1820 1200 1897 etenim
1230 1844 1338 1898 omne
1353 1835 1506 1924 pactum
1526 1826 1663 1903 iustum

335 1940 372 2010 et
398 1933 542 2013 licitum
570 1934 700 2011 haberi
727 1935 854 2031 debet,
876 1938 1021 2038 quoties
1050 1939 1146 2014 inter
1174 1946 1370 2044 utramque
1399 1946 1538 2045 partem
1558 1945 1663 2023 dolus

336 2060 399 2131 aut
428 2055 696 2131 circumventio
725 2077 799 2130 non
827 2053 1075 2132 intercesserit
1122 2057 1296 2147 Quinimo
1324 2085 1406 2137 oum
1445 2075 1578 2163 agatur
1619 2069 1663 2142 de

335 2201 447 2252 causa
472 2176 535 2279 pia
562 2175 683 2277 potius
711 2179 963 2253 conservanda
989 2185 1086 2253 esset
1113 2182 1339 2257 consuetudo
1360 2180 1549 2285 illaquam
1583 2187 1665 2262 abo-

335 2298 459 2376 lenda.
492 2295 679 2398 Siquidem
710 2320 773 2395 per
801 2299 963 2373 eamdem
993 2299 1293 2375 consuetudinem
1322 2301 1563 2382 offerentibus
1581 2303 1668 2381 nul·

335 2403 412 2492 lam'
438 2417 568 2492 inferri
590 2415 762 2490 iniuriam
784 2414 997 2515 nullumque
1017 2416 1255 2517 preiudioium
1277 2419 1538 2496 animadvertit
1557 2425 1668 2498 Tarn-

336 2539 418 2614 bur.
443 2537 479 2612 in
504 2537 656 2612 Metbod
683 2535 815 2610 celebr.
851 2535 964 2610 Miss.
997 2537 1060 2611 lib.
1084 2534 1125 2612 3.
1145 2563 1228 2639 cap.
1249 2540 1271 2615 1
1296 2539 1341 2614 de
1360 2541 1524 2643 stupenti.
1550 2541 1663 2618 Miss.

336 2657 376 2756 ἓ.
408 2655 450 2735 3.
482 2684 523 2733 n.
556 2658 598 2734 8.
627 2657 700 2757 fol.
733 2655 835 2731 465.
869 2659 1067 2732 observans
1096 2656 1243 2732 inistis
1272 2660 1439 2734 terminis
1468 2659 1667 2736 offerentes

335 2777 587 2876 eleemosynas
615 2801 689 2853 nnn
719 2801 758 2852 es
767 2803 799 2851 se
827 2777 979 2868 invitos,
998 2778 1094 2878 quod
1114 2777 1336 2878 prohibitum
1358 2781 1471 2854 estin
1493 2781 1668 2858 Decretis

337 2901 400 2977 dd.
436 2900 588 2976 Sumo.
621 2897 869 2998 Pontificum
898 2899 1005 2972 iuxta
1032 2905 1146 2974 verba
1174 2896 1236 2974 illa
1270 2898 1453 2975 Tambur.
1487 2930 1504 2969 ι
1540 2903 1668 3002 Rogas

339 3047 357 3090 ›
388 3021 543 3120 quodsi
573 3004 686 3120 aliqui
733 3022 802 3093 eto.
835 3019 921 3093 dent
949 3017 1085 3120 singuli
1118 3018 1263 3117 integra
1290 3019 1486 3120 stipendia,
1516 3027 1553 3094 et
1580 3045 1670 3096 con-

341 3167 359 3208 »
390 3138 484 3215 tenti
514 3136 623 3214 unica
652 3137 779 3242 Missa,
800 3136 923 3211 licebit
950 3160 997 3212 ne
1026 3135 1211 3212 Sacerdoti
1233 3135 1286 3212 illi
1306 3137 1569 3238 acquiesceret
1597 3141 1670 3216 Re-

342 3289 360 3330 »
391 3260 551 3360 spondeo
571 3281 653 3333 cum
675 3255 946 3332 Marchinoeto.
963 3256 1201 3356 Licebitquia
1217 3255 1353 3334 volenti
1366 3283 1440 3333 mm
1461 3257 1665 3336 fitiniuria.

340 3409 358 3452 a
391 3381 523 3456 Instas
548 3379 599 3454 At
617 3380 650 3454 id
666 3379 705 3457 S.
725 3379 974 3480 Congrcgatio
995 3376 1106 3478 petiti
1127 3369 1346 3479 Respondeo
1362 3379 1401 3456 S.
1420 3377 1670 3480 Congregatio

340 3531 358 3573 ν
391 3501 565 3602 supponit
600 3498 797 3576 offerentes
826 3499 1079 3602 eleemosynas
1106 3525 1185 3576 esse
1222 3500 1373 3574 invitos,
1404 3501 1600 3577 Caeterum
1639 3501 1670 3576 si

342 3657 360 3698 a
391 3625 623 3704 consentiant
651 3625 722 3701 erit
752 3623 915 3726 perinde,
947 3627 1039 3701 acsi
1060 3651 1105 3700 ex
1127 3649 1228 3701 mera
1249 3623 1468 3701 liberalitate
1491 3623 1664 3725 pinguem

342 3777 360 3818 ›
391 3745 648 3822 eleemosinam
678 3743 922 3847 elargiamtur.
959 3772 977 3815 ›
1008 3744 1078 3824 Oui
1120 3749 1265 3844 praeter
1314 3742 1431 3832 alios,
1469 3745 1671 3818 concordat

337 3865 541 3968 Fagnanus
582 3872 626 3941 in
659 3863 700 3942 1.
724 3875 833 3967 port.
869 3863 1058 3942 Decretol.
1090 3864 1136 3939 de
1180 3864 1325 3967 Sepelit.
1367 3889 1451 3963 cop.
1504 3861 1672 3936 Frater-

337 3993 500 4062 nitatem
543 4007 585 4058 n.
615 3982 689 4059 88.
716 3981 808 4055 <ibi
837 3980 1041 4069 -Quilibet
1069 3989 1189 4082 potest
1217 3985 1342 4058 cedere
1373 3981 1441 4058 iuri
1478 4003 1543 4057 suo
1583 4005 1672 4058 con-

340 4137 360 4180 «
390 4108 594 4196 sentiend0‚
618 4110 660 4183 ut
687 4105 805 4182 Missa
832 4128 906 4181 non
935 4105 1080 4180 dicatur
1109 4129 1174 4206 pro
1204 4131 1243 4180 se
1272 4105 1365 4194 solo;
1387 4107 1448 4182 sed
1480 4127 1543 4204 pro
1572 4129 1612 4178 se
1632 4109 1669 4179 et

340 4257 357 4298 »
389 4227 471 4303 aliis
497 4225 622 4317 simul,
645 4228 684 4300 et
701 4225 788 4303 talis
806 4226 921 4303 cessio
940 4224 1026 4300 licet
1054 4249 1224 4323 expresse
1245 4249 1317 4298 non
1342 4225 1404 4299 {iat
1423 4225 1460 4298 ia
1483 4247 1568 4298 casu
1587 4248 1673 4326 pro.

342 4376 360 4419 ›
391 4347 536 4448 posito,
569 4351 697 4422 tamen
733 4345 1003 4423 rationabiliter
1031 4341 1273 4441 intelligenda
1292 4351 1349 4418 est
1380 4343 1458 4418 lieri
1489 4341 1673 4442 implicite

342 4491 464 4544 »non
492 4467 608 4544 solum
652 4469 691 4542 in
720 4469 843 4543 aninta
871 4468 949 4542 eius
977 4467 1038 4564 qui
1069 4491 1107 4538 se
1136 4463 1290 4562 obligat,
1314 4465 1373 4538 sed
1416 4464 1527 4538 etiam
1568 4462 1672 4540 illius

341 4615 360 4662 >
390 4589 448 4664 cui
478 4587 520 4662 fit
547 4585 726 4689 obligatio
753 4588 784 4662 si
813 4588 903 4662 bene
925 4585 1068 4658 noverit
1086 4584 1403 4659 oorrsultodimun
1423 4583 1668 4658 llo-tesso.»
