3670 5222
750 315 915 372 maruno
1412 295 1473 364 tut

146 421 267 525 ipsum
297 419 416 498 colere
446 417 709 524 Apostolorum
738 417 966 518 Principem,
1006 416 1109 491 ouius
1144 416 1308 517 dignitas
1343 416 1383 492 in
1420 419 1477 492 in-

143 546 253 646 digno
282 543 368 620 licet
396 543 551 618 haerede
580 564 652 616 non
681 539 817 616 deficit.
852 540 955 614 Hane
984 544 1106 614 autem
1136 536 1409 613 venerationem
1431 536 1477 613 il-

143 662 352 739 lustriorem
381 685 425 736 ac
452 658 729 761 splendidiorem
757 681 902 760 quoque
930 655 1152 734 Catholious·
1171 655 1325 757 populus
1352 656 1478 734 facere

143 783 289 878 voluit,
327 780 514 859 missiset
542 777 664 856 allatis
694 781 739 856 ad
768 803 835 854 nos
863 803 909 854 ex
937 777 1038 854 onini
1067 780 1174 879 parte
1203 777 1376 854 uberibus
1404 778 1478 856 lar-

143 905 327 1006 gitionum
354 900 545 991 subsidiis,
580 897 703 973 missis
730 903 769 974 et
798 898 919 974 allatis
948 897 1180 990 muneribus,
1214 897 1473 995 multitudine,

147 1025 341 1116 varietate,
363 1022 495 1125 pretio,
520 1019 679 1096 artificio
697 1017 990 1110 admirabilibus
1009 1041 1104 1117 quae
1123 1016 1209 1094 dum
1225 1017 1342 1096 Nobis
1360 1019 1479 1097 facul·

143 1149 255 1220 tatem
277 1143 453 1242 praebent
472 1139 714 1216 subveniendi
732 1137 844 1214 buius
855 1137 1087 1239 Apostolioae
1102 1137 1222 1228 Sedis,
1240 1144 1279 1213 et
1294 1136 1478 1218 lloclesiae

143 1263 219 1340 suis
249 1263 354 1338 bonis
383 1259 561 1362 spoliatae
591 1256 889 1349 necessitatibus,
921 1256 1150 1336 christianae
1177 1259 1288 1334 etiam
1309 1258 1455 1335 caritati

143 1382 220 1457 vim
248 1390 287 1456 et
316 1378 547 1480 splendorem
575 1378 748 1477 produnt,
781 1400 876 1476 quae
904 1399 976 1451 non
1016 1377 1125 1452 modo
1167 1375 1291 1452 omnia
1328 1375 1472 1471 suffert,

142 1501 268 1576 omnia
298 1501 476 1587 sustinet,
510 1498 574 1574 sed
601 1495 713 1572 etiam
742 1495 999 1572 calamitatum
1027 1504 1064 1570 et
1091 1497 1323 1597 paupertatis
1362 1497 1478 1600 impe·

143 1619 309 1695 diruente
336 1618 527 1711 nesciens,
564 1613 650 1691 talis
686 1619 742 1692 est
770 1618 813 1692 ut
841 1638 1041 1715 numquam
1085 1614 1257 1704 excidat,
1287 1640 1476 1719 nunquam

143 1736 401 1840 enlrauriatur.

227 1863 279 1936 At
296 1858 395 1958 quis,
415 1856 657 1934 Venerabiles
675 1857 842 1950 Fratres,
864 1856 943 1934 dies
962 1856 1242 1934 tribulationum
1265 1862 1476 1934 nostrarum

142 1982 182 2056 in
208 1977 515 2056 exercitationem
544 1983 581 2052 et
610 1975 842 2078 splendorem
861 1982 1050 2053 tantarum
1072 1977 1251 2054 virtutum
1272 1975 1471 2070 convertit,

142 2099 227 2201 quis
255 2103 396 2173 tantam
427 2096 533 2170 tidem
552 2120 595 2172 aa
615 2095 792 2198 pietatem
812 2095 951 2172 extulit
969 2121 1015 2173 ao
1033 2093 1137 2188 fovit,
1161 2097 1246 2198 quis
1266 2095 1476 2174 infirmitati

144 2221 304 2296 Nostrae
325 2216 413 2292 illud
434 2215 607 2291 solatium
628 2215 822 2306 concessit,
848 2221 984 2292 uttam
1005 2215 1204 2292 illustrium
1226 2217 1476 2319 exemplorum

145 2334 280 2440 Populi
301 2334 506 2414 Christiani
539 2337 764 2434 spectatores
784 2343 823 2410 et
850 2337 962 2410 testes
980 2335 1161 2412 essemusl
1197 2337 1310 2412 Pater
1332 2335 1476 2412 miseri·

144 2459 354 2535 cordiarum
374 2459 412 2532 et
431 2457 528 2531 Deus
556 2455 673 2530 totius
692 2453 969 2546 consolationis,
1001 2457 1063 2556 qui
1086 2457 1146 2531 ubi
1168 2457 1285 2532 maior
1312 2463 1370 2532 est
1398 2480 1476 2532 ser-

142 2603 277 2654 vorum
297 2600 447 2651 suorum
477 2574 641 2652 tenuitas
668 2576 707 2651 et
734 2573 942 2665 infirmitas,
975 2576 1025 2652 ibi
1047 2578 1164 2679 magis
1192 2601 1297 2654 suam
1317 2577 1473 2677 gloriam

144 2694 385 2772 manifestare
412 2695 615 2784 consuevit,
648 2694 688 2770 in
707 2693 812 2768 cuius
839 2718 949 2771 manu
968 2701 1055 2771 suut
1074 2698 1183 2771 corda
1202 2695 1407 2790 hominum,
1437 2696 1476 2773 in

143 2816 248 2892 cuius
266 2815 409 2893 ditione
427 2815 564 2892 cuncta
583 2822 671 2890 sunt
688 2811 823 2915 posita,
846 2812 929 2914 lpse
947 2813 1035 2891 feeit
1051 2815 1247 2891 Nobiscum
1269 2814 1475 2893 misericor·

142 2936 240 3010 diam
261 2958 381 3029 suam,
398 2933 476 3034 lpse
492 2931 579 3008 lecit
593 2959 674 3010 cum
691 2933 902 3010 tentatione
919 2938 1137 3035 proventum
1157 2940 1198 3011 ut
1212 2959 1399 3038 possemus
1415 2961 1477 3012 su·

143 3051 295 3140 stinere,
319 3052 401 3154 lpse
420 3051 575 3152 gloriam
594 3077 695 3128 suam
716 3053 754 3130 in
776 3050 941 3130 Ecclesia
959 3052 1139 3130 revelavit
1157 3057 1350 3131 ostendens
1371 3078 1477 3132 mun·

143 3172 188 3248 do
214 3195 297 3248 eam
326 3194 399 3272 quo
429 3171 547 3273 magis
575 3172 820 3274 impugnatur
847 3173 945 3248 vires
974 3198 1059 3249 suas
1094 3174 1272 3250 intentius
1309 3199 1472 3266 exerere,

144 3317 215 3392 quo
245 3292 363 3392 magis
391 3289 636 3392 deprimitur,
668 3289 782 3368 altius
810 3291 943 3368 attolli.
975 3291 1112 3368 Facere
1140 3293 1264 3393 itaque
1292 3317 1367 3370 uon
1393 3318 1477 3396 pos·

144 3436 274 3488 sunius
302 3410 392 3510 quin
420 3409 457 3485 in
489 3416 686 3512 conspectu
716 3410 853 3488 Vestro
880 3419 917 3486 et
945 3434 1067 3487 coram
1097 3411 1271 3488 universo
1306 3413 1392 3490 orbe
1430 3437 1477 3488 ex

145 3529 277 3605 intimo
305 3531 410 3605 eorde
430 3529 590 3631 gratiam
610 3533 648 3605 et
666 3528 820 3632 gloriam
842 3529 1052 3606 tribuamus
1070 3532 1148 3607 Deo
1172 3530 1474 3628 clementissimo,

144 3649 215 3752 lpsi
246 3649 502 3725 benedicentes
530 3654 568 3726 et
594 3650 813 3726 confitentes
840 3651 1014 3751 quoniam
1044 3651 1236 3755 deniquae
1264 3665 1318 3730 est
1337 3665 1373 3730 ct
1391 3681 1479 3731 con-

141 3771 297 3869 fortans
325 3773 367 3842 to
395 3769 456 3843 dic
484 3768 772 3851 tribulationis,
801 3779 834 3844 ct
868 3777 993 3846 scieas
1023 3782 1222 3872 sperantes
1259 3779 1299 3846 iu
1336 3799 1396 3860 se,
1435 3800 1479 3852 ac

146 3885 238 3962 Eum
270 3893 466 3989 precantes
493 3891 535 3965 ut
562 3889 783 3964 sacrificium
814 3887 932 3964 laudis
965 3891 1003 3962 et
1031 3888 1296 3966 benedictionis
1327 3900 1478 3970 nostrae

146 4007 229 4082 licet
258 4007 377 4107 impar
404 4003 577 4106 operibus
608 4005 876 4082 misericordiae
902 4028 1002 4097 suae,
1036 4006 1074 4081 in
1101 4007 1326 4086 abundantia
1355 4024 1478 4089 tanien

147 4151 232 4202 suae
261 4125 487 4227 dignationis
514 4127 632 4202 bonus
661 4150 704 4202 ao
731 4125 915 4226 propitius
945 4125 1119 4227 excipiat.

225 4245 304 4322 Hoc
331 4255 453 4322 autem
483 4245 592 4323 officii
622 4243 749 4322 Nostri
778 4246 899 4320 debito
927 4269 1016 4346 erga
1049 4244 1223 4323 Divinam
1264 4249 1474 4326 Bonita-rtem

148 4363 346 4464 perfuncti,
379 4389 534 4466 acquum
566 4377 622 4441 est
652 4390 749 4442 nuno
777 4370 820 4442 ut
848 4367 892 4441 ad
924 4368 1010 4456 Vos
1053 4353 1293 4446 Venerabiles
1331 4371 1478 4446 Fratres

148 4495 181 4561 et
209 4485 342 4562 Dilecti
365 4485 465 4577 Filii,
487 4510 534 4561 ex
553 4484 734 4562 cathohco
754 4487 841 4561 orbe
862 4487 1046 4577 universo,
1072 4513 1276 4566 sermonem
1301 4491 1478 4567 Nostrum

148 4613 420 4682 uuiirertaums.
448 4605 633 4680 Velleiuus
653 4605 813 4705 quidem,
838 4607 894 4680 uu
916 4610 1009 4715 apud
1031 4631 1093 4683 eos
1113 4633 1156 4686 ex
1181 4610 1294 4690 Vobis
1317 4609 1474 4716 egiuiuS,
