3670 5222
344 212 406 282 156
669 231 858 281 coscouaus
881 233 1000 280 raucum
1028 232 1063 276 ar
1088 231 1328 280 corrrouxrroms

341 331 620 409 instaurandam
651 330 965 431 decorandamque
984 326 1184 406 Ecclesiam
1207 330 1244 405 S.
1269 332 1424 412 Mariae.
1458 332 1663 434 Episcopus

341 452 523 532 interdum
554 457 595 527 ut
623 449 821 527 nonnullos
850 457 1055 526 removeret
1083 451 1220 526 abusus
1248 453 1312 552 qui
1340 455 1437 529 inter
1464 450 1662 528 canonicos

342 573 580 674 irrepserant,
603 567 818 672 praesertim
848 570 887 644 in
916 593 991 644 non
1019 569 1207 646 solvendis
1235 569 1428 665 fallendis,
1450 568 1662 648 huiusmodi

339 693 589 794 quaestionem
620 716 839 793 componere
868 694 1014 768 curavit
1041 717 1124 769 cum
1155 693 1344 794 Capitale,
1376 695 1503 771 habito
1538 719 1664 795 respe-

339 819 401 889 ctu
430 815 477 907 ad
506 813 642 888 merita
669 813 833 915 insignia
860 813 1037 892 Canonici
1068 813 1110 888 B.
1134 813 1232 890 Hinc
1259 815 1297 892 in
1325 815 1485 891 comitiis
1517 817 1664 920 capitu·

339 932 479 1009 laribus
516 937 736 1009 conventum
783 937 911 1009 estut
952 957 1080 1010 omnes
1122 935 1420 1012 condonarentur
1457 935 1660 1028 fallentiae,

340 1054 533 1131 dummodo
562 1054 769 1131 Canonicus
805 1053 847 1130 B.
871 1053 924 1129 nil
943 1059 1125 1155 repeteret
1144 1055 1188 1130 de
1208 1055 1383 1155 impensis
1402 1054 1526 1131 lactis:
1549 1057 1663 1134 immo

284 1265 285 1268 Ἴ
339 1176 485 1250 cederet
510 1173 635 1249 ornnia
661 1172 834 1250 utensilia
880 1180 917 1249 et
962 1174 1240 1250 melioramento
1269 1175 1307 1248 in
1336 1177 1461 1251 eadem
1510 1175 1663 1252 ecclesia

339 1293 436 1369 facta
463 1293 504 1368 in
534 1294 668 1369 bonum
697 1293 858 1396 Capituli
889 1293 1051 1370 eiusdem
1078 1291 1266 1370 Ecclesiae
1288 1293 1448 1396 patroni.
1472 1295 1665 1372 Statutum

340 1416 490 1516 insuper
518 1411 592 1488 fuit
619 1415 714 1513 quod
762 1413 974 1516 Oapitulum
1010 1415 1253 1491 assentiretur
1292 1423 1331 1490 ut
1372 1415 1583 1492 Canonicus
1615 1417 1660 1494 Β.

340 1534 476 1609 morari
501 1539 637 1633 posset,
660 1558 771 1609 causa
799 1559 890 1610 suae
919 1533 1144 1610 valetudinis
1163 1537 1259 1634 apud
1287 1533 1488 1612 Ecclesiam
1519 1536 1558 1613 S.
1583 1537 1666 1612 Ma-

339 1651 430 1744 riae,
455 1652 493 1728 in
522 1677 595 1752 qua
623 1651 787 1730 excolere
830 1661 1116 1754 prosequeretur
1162 1653 1302 1752 plebem
1349 1655 1662 1732 christifidelium:

339 1773 548 1861 dummodo,
571 1771 786 1874 Apostolico
814 1773 968 1875 praevio
997 1773 1151 1867 indulto,
1184 1776 1333 1851 tertiam
1362 1775 1550 1852 redituum
1579 1800 1665 1877 par·

343 1901 419 1972 tem
449 1895 677 1995 relinqueret
702 1894 830 1972 favore
859 1897 1172 1973 interessentium.

448 2013 669 2093 Ordinarius
699 2015 826 2092 retulit
853 2019 994 2094 reditus
1022 2018 1280 2094 canonicorum
1311 2016 1410 2094 illius
1429 2016 1664 2095 Cathedralis

342 2135 664 2214 distributionibus
691 2137 917 2236 quotidianis
946 2137 1139 2230 constitui,
1162 2143 1199 2213 et
1218 2139 1372 2242 dispesci
1392 2141 1430 2214 in
1451 2142 1665 2216 sexcentum

344 2257 589 2357 punctaturis.
612 2256 781 2356 Ournque
810 2259 955 2358 magnis
984 2265 1231 2358 prosequutus
1251 2256 1363 2333 luerit
1391 2257 1561 2334 laudibus
1591 2256 1666 2334 Oa-

343 2380 517 2454 uonicum
548 2379 593 2454 B.
618 2377 663 2454 ob
692 2377 874 2454 assiduam
905 2377 1110 2453 animarum
1159 2402 1300 2468 curam,
1326 2403 1391 2478 pro
1431 2400 1667 2477 qua-exem-

345 2501 456 2601 plaris
483 2503 599 2576 instar
627 2497 793 2574 eumdem
822 2497 1026 2592 obstendit,
1049 2522 1112 2574 eas
1131 2522 1225 2598 qnae
1253 2505 1460 2598 sequuntur
1475 2497 1564 2572 fecit
1583 2519 1666 2596 pro·

342 2622 555 2721 positiones.

452 2739 485 2816 1.
511 2742 568 2820 Ut
596 2739 634 2815 S.
658 2737 910 2838 congregatio
941 2734 1101 2813 Concilii
1139 2737 1279 2813 intuitu
1321 2757 1567 2836 expensarum
1609 2733 1668 2808 in·

341 2862 508 2962 gentiam
537 2859 761 2957 maximique
790 2856 874 2932 boni
903 2856 1107 2957 spiritualis
1136 2883 1158 2932 a
1185 2857 1375 2935 Canonico
1416 2855 1567 2954 peracti.
1606 2856 1670 2929 in-

342 2981 511 3080 dulgeret
538 2979 653 3054 eidem
684 2981 728 3053 ut
753 2977 916 3051 retinere
944 2982 1066 3076 posset
1085 2977 1262 3077 quidquid
1283 3001 1326 3052 ex
1348 2975 1581 3075 punctaturis
1600 2973 1670 3050 ha·

343 3100 435 3193 buit,
458 3103 639 3201 quatenus
667 3095 830 3172 indebite
860 3097 1094 3197 percepisset,
1130 3095 1242 3195 idque
1270 3119 1311 3168 eo
1351 3094 1469 3194 magis
1497 3096 1596 3194 quod
1626 3095 1666 3170 in

342 3217 529 3318 praesenti
559 3215 688 3292 mediis
715 3219 860 3291 careret
887 3217 933 3290 ad
961 3215 1233 3291 restitutionem
1263 3215 1525 3315 peragendam.

447 3334 486 3413 2.
510 3333 564 3413 Ut
591 3337 688 3411 idem
715 3335 927 3413 Canonicus
956 3336 1229 3436 dispensaretur
1248 3336 1293 3410 ab
1313 3334 1527 3410 assistentia
1546 3333 1662 3410 Obori

342 3457 480 3557 absque
510 3455 586 3533 ulla
615 3456 796 3558 temporis
826 3455 1048 3532 limitatione
1077 3459 1154 3530 tum
1198 3455 1245 3530 ob
1282 3456 1362 3530 eius
1390 3454 1661 3545 valetudinem,

340 3586 421 3653 turn
449 3601 495 3654 ne
522 3575 666 3653 fructus
694 3575 899 3677 spiritualis
918 3600 963 3651 ex
984 3574 1172 3651 laboribus
1192 3573 1350 3676 triginta
1370 3597 1552 3648 annorum
1584 3598 1670 3672 par-

340 3705 401 3774 tus
429 3696 691 3773 detrimentum
720 3699 925 3798 pateretur,
961 3696 1053 3770 satis
1083 3693 1190 3770 factis
1219 3701 1345 3770 tamen
1374 3695 1503 3770 Missis
1532 3693 1669 3770 bebdo-

340 3819 468 3895 madae
495 3823 533 3894 et
560 3819 841 3895 anniversariis.

752 4006 1000 4072 Disceptatio
1021 4003 1247 4070 synoptico.

443 4153 499 4230 Ea
527 4176 624 4239 cusu
651 4175 840 4228 unvussus
868 4175 1080 4227 cauomoum
1100 4175 1136 4224 s.
1159 4173 1333 4226 sucrum.
1357 4146 1561 4229 Concilium
1583 4148 1670 4222 Tri·

336 4272 530 4348 dentiuum
562 4273 600 4347 iu
634 4269 726 4375 Cap.
747 4271 806 4349 12
833 4271 938 4346 Sese.
961 4270 1019 4345 24
1050 4272 1095 4345 dc
1124 4269 1214 4368 Res.
1246 4269 1391 4344 Sanxit.
1416 4267 1672 4344 Distributio·

337 4418 404 4468 nes
411 4453 562 4468 .....
585 4398 655 4492 qui
682 4398 796 4465 statis
825 4391 933 4464 lteris
963 4394 1214 4489 intersum-iat
1261 4394 1468 4490 recipienti,
1508 4388 1667 4486 reliqui,

336 4522 472 4617 quavis
500 4515 711 4590 collusione
740 4523 807 4584 aut
837 4516 1067 4585 remissicae
1095 4509 1270 4592 esclusa,
1288 4509 1350 4582 leis
1370 4516 1526 4582 careant
1555 4512 1669 4580 tuceta
