3622 5232
521 368 579 506 u
622 371 657 506 l.
701 366 1058 506 tttttttttttt
1105 363 1493 502 tttttttltttttl

849 731 1056 748 ——..
1068 733 1166 750 ..n-...e

843 1073 963 1154 PIUS
989 1074 1023 1152 P
1050 1077 1095 1154 P.
1128 1073 1183 1154 [x

682 1300 746 1381 Ad
763 1311 995 1408 perpetuam
1022 1310 1082 1378 rer·
1108 1303 1354 1393 memoriam.

420 1547 539 1642 Quod,
563 1548 739 1626 suadente
759 1547 890 1649 spiritu
909 1547 1052 1652 gratiae
1073 1550 1111 1624 et
1129 1572 1290 1649 precum,
1310 1545 1445 1622 initum
1461 1543 1502 1620 iu
1521 1539 1682 1619 dioecesi

348 1669 499 1749 Lucana
535 1697 557 1744 a
594 1666 782 1743 nonnullis
819 1667 960 1748 Christi
996 1667 1164 1746 fidelihus
1199 1665 1260 1768 pio
1295 1667 1455 1768 quodam
1494 1663 1682 1740 societatis

349 1791 494 1868 foedere
522 1785 702 1864 devinctis
729 1785 942 1863 institutum
971 1787 1103 1889 agendi
1133 1785 1320 1863 semihora
1348 1783 1520 1862 exeuntis
1548 1785 1588 1859 et
1622 1809 1682 1858 se-

351 1907 494 1986 mihora
521 1905 725 1984 exorientis
754 1906 845 1982 anni
879 1909 1143 1984 Sacrosanctae
1180 1910 1218 1981 et
1254 1904 1465 1983 individuae
1501 1901 1681 1980 Trinitati

350 2029 492 2131 gratias
519 2028 565 2102 oh
593 2031 742 2126 accepta
769 2025 948 2102 beneficia
975 2050 1145 2128 novaque
1172 2050 1239 2127 pro
1266 2023 1564 2104 Christianarum
1595 2047 1682 2124 gen·

350 2149 443 2225 tium
474 2171 573 2248 pace,
606 2144 900 2223 Christianorum
933 2145 1146 2248 Principum
1175 2146 1383 2237 concordia,
1417 2168 1484 2248 pro
1514 2151 1681 2245 peccalo·

351 2292 431 2344 rum
472 2265 711 2342 conversione
748 2290 790 2342 ac
827 2263 982 2366 denique
1021 2291 1087 2367 pro
1123 2267 1281 2345 Sanctae
1318 2262 1453 2341 Matris
1488 2261 1684 2342 Ecclesiae

351 2387 503 2486 eiusque
530 2385 690 2459 visibilis
718 2382 859 2484 Capitis
891 2385 1049 2462 Romani
1081 2383 1275 2461 Pontificis
1303 2383 1529 2460 exaltatione
1568 2411 1589 2458 a
1626 2382 1685 2460 di·

352 2509 438 2582 vina
466 2505 638 2581 Bonitate
658 2503 873 2606 deposcendi
894 2527 915 2578 a
934 2503 1103 2606 plurimis
1120 2503 1262 2582 Christi
1281 2503 1449 2580 fidelibus
1474 2507 1680 2606 receptum,

352 2626 468 2701 variis
505 2624 733 2723 diversisque
771 2621 874 2718 locis,
914 2623 970 2700 uti
1006 2623 1123 2700 Nobis
1162 2623 1317 2701 relatum
1355 2628 1424 2714 est,
1467 2624 1680 2725 peragitur3

352 2745 469 2822 movit
496 2768 569 2820 non
600 2767 711 2818 unum
742 2747 808 2820 aut
835 2741 989 2820 altarum
1019 2745 1080 2846 sed
1108 2744 1200 2820 bene
1230 2743 1363 2821 multos
1391 2767 1578 2820 sacrorum
1603 2743 1684 2818 ltn-

353 2865 490 2943 tistites
517 2871 558 2940 ut
586 2863 770 2938 universis
799 2862 966 2940 fidelibus
994 2888 1040 2939 ex
1068 2863 1130 2964 pio
1157 2863 1332 2941 instituto
1360 2863 1545 2940 antedicto
1572 2888 1683 2937 orau-

352 2986 451 3061 tibus
479 2981 688 3059 coelestium
719 3005 910 3058 munerum
941 2983 1136 3059 thesauros
1163 2983 1350 3060 recludere
1377 2984 1420 3059 dc
1449 2981 1681 3084 benignitate

353 3103 568 3206 Apostolica
595 3101 851 3204 dignaremur.
883 3101 959 3177 Nos
979 3103 1022 3176 ad
1043 3105 1246 3204 augendam
1267 3103 1428 3180 fidelium
1459 3103 1678 3202 religionem

354 3226 637 3323 animarumque
665 3222 819 3298 salutem
850 3219 1072 3297 coelestibus
1101 3221 1287 3300 Ecclesiae
1307 3221 1493 3298 thesauris
1512 3222 1575 3324 pia
1593 3226 1681 3298 cha·

354 3350 465 3424 ritate
495 3345 641 3431 inteuti,
676 3345 718 3417 ut
747 3341 912 3442 quisquis
942 3343 986 3415 ad
1015 3339 1082 3416 Dei
1110 3341 1339 3418 voluntatem
1370 3366 1418 3417 cx
1444 3366 1519 3444 quo
1537 3344 1677 3418 omnia.

354 3491 418 3569 per
446 3490 554 3566 quem
583 3467 621 3539 et
648 3463 685 3537 in
714 3484 788 3562 qno
816 3466 901 3535 sunt
925 3459 1064 3554 omnia,
1086 3460 1199 3536 vitam
1220 3461 1350 3537 ducere
1370 3465 1528 3564 satagat,
1551 3486 1684 3538 ascen-

355 3587 477 3661 siones
504 3585 549 3659 ad
579 3605 662 3660 enm
690 3581 728 3656 in
757 3579 864 3656 corde
893 3576 1026 3654 sucin
1054 3579 1131 3654 dics
1158 3578 1342 3680 disponat,
1375 3581 1445 3683 piis
1472 3581 1684 3657 huiusmodi

354 3703 454 3782 votis
483 3725 646 3779 annuere
674 3699 853 3788 volentes,
886 3700 929 3776 de
957 3697 1229 3801 Omnipotentis
1257 3701 1324 3777 Dei
1354 3701 1604 3779 misericordia
1639 3727 1685 3778 ac

356 3824 435 3902 BB.
469 3822 572 3900 Petri
616 3824 655 3896 et
696 3818 804 3896 Pauli
849 3819 1108 3922 Apostolorum
1146 3819 1227 3895 eius
1264 3821 1487 3896 auctoritate
1524 3821 1676 3913 confisi,

356 3942 528 4021 omnibus
556 3947 593 4016 et
621 3938 776 4042 singulis
806 3940 996 4040 utriusque
1025 3963 1136 4014 sexus
1169 3939 1312 4018 Christi
1350 3938 1532 4029 fidelihus,
1574 3945 1685 4020 corde

355 4061 484 4140 saltem
514 4060 695 4152 contritis,
718 4061 781 4160 qui
802 4059 967 4162 praelato
995 4063 1172 4160 tcmporns
1190 4059 1310 4160 spatio
1328 4061 1426 4161 pium
1448 4060 1681 4154 exercitium,

356 4186 402 4261 de
429 4204 503 4282 quo
532 4206 554 4256 a
582 4181 696 4256 Nobis
724 4180 853 4257 habita
881 4179 1020 4256 mentio
1049 4183 1117 4272 est,
1150 4179 1376 4281 peregerint,
1417 4205 1491 4282 qua
1526 4181 1607 4260 vice
1643 4183 1684 4262 id

356 4298 590 4404 perfecerint,
622 4305 757 4402 septem
789 4323 905 4376 annos
940 4303 984 4374 de
1012 4297 1192 4376 iniunctis
1219 4300 1273 4374 eis
1302 4319 1365 4374 seu
1403 4300 1497 4377 alias
1532 4327 1687 4403 quomo-

356 4418 495 4500 dolibet
521 4421 651 4497 debitis
678 4421 916 4522 poenitentiis
937 4419 974 4494 in
995 4418 1113 4494 forma
1141 4415 1326 4495 Ecclesiae
1346 4427 1522 4496 consueta
1541 4422 1687 4500 relaxa-

357 4565 454 4619 mus.
493 4539 595 4629 Quae
629 4541 939 4642 poenitentiarum
978 4536 1227 4614 relaxationes
1265 4543 1305 4616 nt
1343 4540 1453 4614 etiam
1491 4540 1686 4620 animabus
