3670 5222
722 277 885 325 aucoccrro
1381 251 1441 321 toti

119 379 236 470 mant,
267 378 362 480 quod
391 377 484 454 alias
514 377 585 452 iam
606 373 950 465 animadvertimus,
974 373 1288 473 perturbationem
1309 370 1447 445 scilicet

120 502 155 574 et
181 498 408 576 anxietatem
437 496 476 571 iu
506 521 579 597 qua
606 502 691 572 sunt
719 494 862 572 Fideles
890 495 935 568 ob
955 517 1183 569 eouunuuem
1205 495 1353 569 Patrem
1384 492 1447 567 ho-

120 617 191 694 stili
221 617 467 694 dominationi
495 617 698 709 subditum;
729 641 771 692 ac
790 614 899 691 simul
919 613 1139 690 universalis
1160 613 1237 688 veri
1257 613 1449 690 solemnis-

119 761 190 838 que
218 733 389 838 suffragii
420 736 491 810 vim
521 734 675 828 habeut,
705 739 925 836 quocontra
945 741 1141 835 praetensa
1168 731 1349 834 suffragia
1385 755 1450 807 seu

121 856 244 958 potius
275 854 463 932 mendacia
490 853 604 930 huius
632 853 784 947 saeculi,
807 851 1024 930 Catholicus
1043 851 1141 928 orbis
1164 855 1357 928 universus
1382 853 1452 928 ite·

121 999 202 1050 rum
231 978 343 1075 atque
372 973 507 1049 iterum
547 972 752 1076 significat,
785 997 824 1048 se
854 971 970 1052 velle.
1005 975 1047 1048 ut
1075 973 1276 1074 Supremos
1313 975 1451 1050 Pastor

122 1093 303 1170 Dominici
331 1093 464 1196 Gregis
492 1119 575 1169 cum
603 1094 797 1196 dignitate,
829 1091 1022 1188 libertate,
1055 1101 1092 1169 et
1122 1093 1262 1173 nemini
1291 1094 1451 1171 obnoxia

120 1219 302 1316 potestate
330 1213 518 1290 Ecclesiae
548 1213 767 1314 praesideat.

200 1333 305 1408 Haec
341 1339 533 1433 praeterea
569 1333 653 1408 dum
694 1338 821 1434 aperte
868 1333 1025 1433 probant
1062 1331 1137 1407 vim
1176 1329 1341 1407 caritatis
1378 1355 1451 1431 qua

122 1453 285 1526 membra
315 1449 481 1528 Ecclesia
509 1450 583 1529 Suo
609 1449 731 1554 Capiti
763 1451 979 1541 adhaerent,
1013 1475 1054 1524 ac
1084 1450 1234 1552 proinde
1253 1451 1364 1527 eriam
1387 1451 1452 1526 fir·
1527 1475 1529 1482 ·

122 1595 222 1646 mum
252 1571 408 1646 unitatis
447 1569 635 1648 vinculum
672 1595 746 1672 quo
776 1571 938 1646 membra
978 1573 1055 1672 ipsa
1095 1570 1192 1646 inter
1220 1595 1259 1645 se
1293 1571 1450 1647 invicem

122 1689 412 1793 coniunguntur,
443 1689 736 1793 splendidissime
765 1688 875 1766 simul
902 1690 1045 1779 docent,
1069 1687 1297 1766 Catholicam
1325 1689 1452 1767 Eccle-

121 1812 210 1886 siam
241 1815 298 1887 tot
325 1809 465 1912 iniquis
492 1813 608 1888 orodis
628 1818 802 1912 tantoque
821 1811 961 1911 impetu
981 1818 1246 1912 oppugnatam,
1278 1813 1452 1911 omnique

122 1941 275 2008 externo
303 1930 444 2007 auxilio
471 1931 704 2022 destitutam,
738 1936 778 2006 at
805 1954 878 2006 uon
908 1933 1013 2006 modo
1037 1955 1225 2032 uunquam
1254 1929 1453 2008 labefacta-

122 2065 194 2128 tam
227 2054 266 2128 et
293 2051 457 2146 victam,
499 2053 560 2127 sed
590 2052 721 2128 contra
760 2049 915 2127 militiae
942 2075 1030 2127 suae
1059 2049 1203 2128 labores
1240 2057 1452 2128 constanter

121 2172 381 2262 sustinentem,
412 2174 451 2248 et
478 2173 578 2246 vires
605 2195 690 2248 suas
710 2170 747 2246 in
767 2170 846 2248 dies
868 2171 986 2272 magis
1006 2169 1267 2271 explicantem,
1290 2173 1447 2264 radices,

120 2299 160 2368 ut
186 2289 475 2394 Chrysostomus
507 2293 560 2368 ait
587 2291 722 2368 habere
751 2292 789 2366 in
819 2289 944 2380 caelis,
978 2297 1016 2365 et
1036 2291 1163 2366 divina
1182 2316 1225 2369 ac
1249 2289 1450 2368 immortali
1533 2381 1543 2393 ι

121 2416 200 2487 vita
222 2413 361 2514 rigere,
385 2413 562 2513 pleneque
583 2411 814 2488 confundunt
834 2409 1028 2511 impiorum
1050 2433 1170 2496 voces,
1195 2413 1258 2512 qui
1284 2416 1447 2487 sanctam

120 2529 261 2607 Christi
290 2555 461 2632 sponsam
491 2537 547 2607 sui
576 2528 786 2607 defunctam
813 2530 1067 2630 temporibus,
1101 2529 1247 2608 effetam
1279 2530 1446 2623 viribus,

122 2677 163 2726 ac
190 2652 304 2727 etiam
333 2652 533 2727 extinctam
563 2651 685 2726 dicere
708 2675 788 2730 ‚non
815 2658 1005 2728 verentur.
1458 2734 1459 2737 Ἴ

199 2772 303 2848 Haec
339 2771 421 2872 ipsa
457 2771 604 2846 denium
635 2794 729 2844 vana
766 2794 810 2846 ac
836 2769 950 2844 stulta
978 2794 1103 2846 eorum
1134 2771 1289 2848 consilia
1327 2772 1450 2849 redar-

119 2896 254 2988 guunt;
286 2891 349 2991 qui
379 2897 511 2991 inique
541 2891 763 2965 inordinato
783 2914 982 2992 perverse,
1012 2894 1054 2964 ut
1085 2893 1206 2992 magni
1247 2891 1448 2995 Augustini

120 3015 241 3087 verbis
271 3013 433 3090 utamur.
465 3011 600 3088 volunt
627 3012 754 3085 lecara
781 3033 925 3110 equum
941 3034 1061 3110 super
1079 3009 1205 3084 oleum
1223 3011 1289 3086 sed
1307 3011 1451 3087 demer-

119 3145 234 3236 petur
271 3157 398 3233 aquo,
428 3133 555 3207 oleum
582 3130 905 3234 supereminebit,
926 3153 1071 3230 peracre
1100 3129 1235 3203 colunt
1260 3129 1330 3204 sud
1350 3139 1448 3204 terac-

121 3254 199 3328 brr's
232 3251 378 3336 lucam,
410 3251 662 3354 fugabuntur
699 3274 787 3324 cero
815 3249 988 3323 tenebrae
1016 3250 1089 3324 lucr
1117 3248 1298 3334 marcebit,
1332 3274 1451 3353 super

119 3372 266 3446 coctam
302 3381 448 3445 terram
483 3369 616 3446 volarat
654 3366 853 3452 atterere,
885 3368 1056 3473 pondere
1084 3379 1213 3442 autem
1239 3393 1309 3444 suo
1343 3369 1451 3446 cadet

119 3500 226 3565 terra
256 3488 451 3566 inlocum
478 3510 608 3564 suam.
687 3505 691 3512 '

201 3613 276 3688 Nos
305 3619 443 3704 autem,
477 3611 719 3688 Venerabiles
748 3611 911 3697 Fratres,
944 3609 1217 3686 considerantes
1246 3610 1327 3687 viae
1355 3609 1449 3688 divi·

119 3760 186 3811 nae
219 3732 481 3809 Providentiae
510 3730 759 3822 admirabiles,
792 3755 886 3831 quac
906 3729 1209 3807 tribulationibus
1230 3729 1362 3806 solatia
1381 3733 1451 3806 mi·

119 3869 194 3928 scet
225 3859 365 3927 utnon
394 3849 568 3926 deficiant
595 3851 709 3925 animi
739 3855 775 3927 et
803 3852 913 3940 vires,
946 3851 1008 3925 sed
1038 3849 1170 3927 fiducia
1195 3848 1443 3943 confirmetur,

119 3971 243 4048 virtus
273 3969 461 4046 muniatur
490 3976 528 4046 et
555 3968 744 4070 erigatur,
778 3995 823 4047 ex
851 3969 910 4045 his
949 3968 1229 4045 incitamentum
1259 3969 1448 4071 capiamus

122 4103 157 4165 ut
185 4113 392 4190 augeamus
428 4091 676 4164 constantiam
705 4094 742 4162 ct
770 4087 1002 4164 alacritatem
1031 4099 1194 4163 nostram
1231 4089 1267 4163 in
1298 4086 1447 4188 praeliis

121 4207 267 4285 Domini
297 4209 539 4310 praeliandis,
570 4207 606 4282 in
628 4205 760 4282 officiis
782 4207 976 4282 ministerii
995 4207 1111 4284 nostri
1133 4207 1289 4282 fideliter
1308 4209 1446 4284 obeun-

120 4331 201 4420 dis,
244 4330 283 4406 in
312 4327 603 4405 adversitatibus
632 4352 697 4427 pro
725 4327 792 4403 Dei
832 4337 870 4402 et
898 4326 1085 4402 Ecclesiae
1115 4351 1227 4402 causa
1264 4326 1447 4427 impavide

120 4451 358 4552 perferendis.
381 4450 479 4525 Dum
507 4448 634 4550 gravis
663 4447 743 4524 belli
764 4447 938 4522 atrocitas
958 4455 1077 4522 terras
1096 4447 1165 4521 hoc
1184 4452 1348 4546 tempore
1369 4471 1444 4522 eae·

121 4570 161 4643 dc
189 4595 231 4644 ac
260 4570 444 4665 sanguine
472 4570 659 4658 cruentat,
683 4592 754 4665 quo
774 4567 876 4644 Deus
895 4567 941 4641 ab
960 4567 1132 4642 cumibus
1160 4565 1241 4641 vult
1268 4564 1441 4664 intelligi,
