3622 5240
322 231 373 300 50
819 248 958 298 amarem
982 249 1144 296 sacramen

322 370 508 422 cessurum
537 345 740 447 praetensis
768 347 910 423 iuribus
938 345 1030 434 suis3
1053 345 1162 446 idque
1181 345 1270 421 satis
1290 342 1437 446 probari
1459 343 1536 421 suis
1554 340 1649 422 acti-

322 467 403 576 bus,
436 465 628 542 adinstar
656 465 755 556 solie,
789 465 843 541 uti
872 464 1007 558 aiebat,
1032 463 1252 566 perspicuis:
1275 487 1385 566 seque
1406 463 1645 568 patriarchali

325 584 619 689 thaumaturgi,
651 586 749 663 sicut
776 586 834 663 sui
863 587 1159 687 praedecessores
1198 588 1375 664 catholici
1411 585 1649 688 patriarchae

323 706 441 784 functi
468 705 631 790 fuerant,
663 710 701 781 et
728 706 823 783 sicut
851 705 932 782 illos
959 706 1160 784 cohaerere
1193 707 1230 784 iu
1275 707 1344 784 ilde
1381 712 1420 784 et
1456 703 1650 806 disciplina

324 852 406 904 cum
435 827 585 904 Summo
614 825 807 901 Pontifice:
839 851 912 926 qua
941 849 1052 926 super
1081 852 1119 902 re
1147 850 1207 903 eos
1236 827 1389 904 iubebat
1415 827 1555 902 nullum
1585 825 1648 900 du·

324 948 441 1037 bium,
472 945 612 1022 nullam
642 945 886 1046 suspicionem
916 945 1063 1020 habere.
1094 945 1245 1025 Claram
1274 968 1362 1022 vero
1398 947 1494 1024 hanc
1526 942 1650 1022 decla-

325 1068 523 1159 rationem,
568 1064 759 1141 clariorem
801 1064 914 1140 etiam
958 1065 1196 1142 reddiderunt
1237 1065 1387 1150 litterae
1429 1066 1475 1142 ab
1521 1064 1650 1142 iisdem

325 1185 631 1264 Mauxiliensibus
660 1186 704 1261 ad
733 1183 992 1261 patriarcham
1021 1186 1129 1262 datae
1158 1187 1219 1262 die
1247 1185 1321 1264 XX
1348 1185 1510 1265 eiusdem
1550 1205 1652 1258 meu·

325 1304 375 1383 sis
403 1303 610 1383 Februarii.
644 1304 707 1378 lsti
733 1303 830 1379 enim
859 1304 945 1378 dum
974 1302 1029 1379 illi
1058 1303 1201 1402 gratias
1229 1309 1385 1407 agerent
1404 1305 1547 1403 sibique
1566 1301 1649 1376 aui·

326 1449 405 1503 mos
433 1428 471 1501 et
499 1424 610 1505 robur
648 1448 712 1524 per
749 1447 829 1498 eam
866 1421 1154 1499 declarationem
1197 1425 1328 1526 augeri
1370 1421 1647 1527 profiterentur,

326 1547 542 1623 asserebant
569 1569 607 1619 se
634 1543 767 1619 idcirco
796 1542 988 1618 unanimes
1017 1567 1096 1618 esse
1124 1548 1160 1619 et
1187 1543 1267 1622 lore
1295 1567 1411 1646 usque
1439 1544 1485 1620 ad
1524 1542 1650 1618 extre·

328 1691 426 1743 mum
456 1663 556 1740 vitae
593 1663 765 1764 spiritum
805 1684 891 1738 cum
919 1664 1044 1737 eodem
1088 1661 1322 1753 Patriarcha‚
1370 1665 1409 1739 in
1451 1660 1652 1738 reiicienda

328 1785 542 1886 Apostolica
571 1782 849 1870 constitutione,
881 1781 918 1856 in
946 1781 1093 1859 tuendis
1121 1782 1200 1860 eius
1233 1784 1389 1876 iuribus,
1414 1787 1526 1884 atque
1563 1804 1656 1857 con·

328 1906 492 1982 tinenter
519 1903 754 2004 expediendis
782 1901 977 2002 llpisccpis
1008 1902 1044 1978 iu
1074 1901 1332 1982 Melabariam.

407 2009 473 2087 20.
506 2011 602 2089 Dum
631 2009 723 2086 haec
751 2009 886 2110 passim
914 2020 952 2081 et
993 2008 1110 2108 palam
1155 2009 1300 2102 fierent,
1342 2008 1470 2086 mirari
1509 2006 1652 2097 fideles,

329 2133 449 2208 virum
479 2130 581 2206 huuc
618 2154 706 2204 suae
746 2151 895 2229 prorsus
934 2127 1129 2229 dignitatis
1165 2133 1417 2207 immemorem
1461 2131 1656 2226 totumque

331 2253 510 2327 mutatum
541 2249 691 2339 abillo,
731 2247 795 2348 qui
833 2245 940 2322 fidem
981 2251 1020 2323 et
1056 2249 1298 2326 obedientiam
1341 2272 1447 2323 suam
1490 2249 1657 2347 Aposto-

329 2372 421 2448 licae
438 2366 523 2446 Sedi
542 2367 633 2445 alias
652 2368 884 2468 probaverat,
908 2366 1027 2442 adhuc
1046 2368 1196 2468 impune
1214 2369 1330 2445 abire:
1353 2364 1559 2448 Chaldaeos
1579 2367 1657 2442 Ma·

331 2490 492 2568 labariae
534 2489 725 2565 invasores
766 2485 855 2561 hinc
898 2493 1160 2588 argumentum
1203 2511 1349 2567 sumere
1389 2487 1435 2562 ad
1477 2487 1655 2562 tuendum

332 2611 504 2700 schisma,
536 2610 633 2710 quod
661 2606 750 2684 illuc
776 2606 1012 2692 invexerunt,
1045 2611 1083 2680 61
1111 2607 1155 2682 ad
1184 2607 1390 2708 negandam
1418 2603 1657 2705 impudentis-

332 2733 422 2808 sime
451 2731 644 2805 veritatem
673 2725 732 2802 vel
759 2725 939 2802 iustitiam
958 2724 1166 2802 litterarum
1187 2724 1498 2828 Apostolicorum,
1521 2723 1658 2823 quibus

332 2852 373 2928 in
401 2851 621 2953 Episcopum
650 2845 783 2923 Mellus
802 2843 956 2945 eiusque
976 2847 1178 2922 sectatores
1196 2844 1441 2922 animadverti
1461 2843 1655 2918 iussimus:

333 2973 426 3050 alios
453 2971 601 3048 demum
634 2989 677 3042 6ο
715 2989 831 3065 usque
870 2964 1120 3065 impudentiae
1156 2966 1346 3041 devenisse
1387 2963 1545 3038 relatum
1583 2962 1654 3052 est,

335 3097 375 3170 ut
401 3092 581 3193 negarent
609 3109 715 3188 posse
743 3111 765 3160 a
792 3085 897 3161 nobis
925 3085 1236 3162 excommunicari
1263 3083 1537 3162 Patriarcham.

413 3211 479 3288 21.
511 3209 567 3286 llo
595 3207 720 3308 itaque
750 3210 899 3280 ventum
937 3208 1031 3296 erat,
1073 3208 1115 3281 ut
1156 3203 1229 3280 iam
1266 3226 1339 3280 uon
1377 3201 1506 3277 liceret
1545 3199 1660 3276 Nobis

335 3332 474 3412 diutius
511 3325 696 3404 abstinere
737 3351 759 3402 a
795 3324 985 3401 canonicis
1022 3324 1150 3425 poenis
1187 3325 1363 3400 adversus
1399 3317 1661 3397 Patriarcham

335 3454 506 3545 ferendis,
537 3447 603 3553 qui
629 3449 741 3527 semel
768 3448 968 3524 etiterum
998 3447 1163 3522 monitus
1189 3446 1335 3523 obedire
1372 3446 1658 3529 detrectaverat,

335 3599 509 3675 suamque
540 3568 826 3648 inobedientiam
854 3572 893 3643 61
927 3566 1035 3643 lactis
1072 3568 1111 3642 et
1145 3566 1294 3668 scriptis
1332 3563 1451 3664 palam
1488 3561 1661 3664 profiteri

335 3721 408 3774 nou
436 3691 711 3771 reformidabat.
743 3687 845 3764 Inter
872 3687 963 3763 haec
991 3689 1114 3762 autem
1142 3683 1204 3761 diu
1231 3686 1463 3782 expectatum
1490 3681 1571 3756 cius
1601 3704 1662 3756 re-

336 3839 526 3918 sponsum,
557 3811 616 3887 die
645 3809 735 3886 XIX
764 3805 891 3884 Martii
920 3806 1031 3882 huius
1058 3803 1147 3880 anni
1183 3804 1327 3894 datum,
1368 3799 1412 3876 ad
1450 3801 1524 3876 Nos
1562 3799 1665 3876 dela·

336 3938 417 4012 tum
446 3939 517 4021 est;
547 3952 619 4031 quo
661 3927 931 4004 contumaciam
974 3923 1053 4000 eius
1095 3921 1186 3997 satis
1227 3943 1407 4020 superque
1449 3914 1663 3994 confirmari

337 4079 410 4132 non
439 4053 520 4128 sine
548 4050 663 4127 multo
691 4047 805 4125 animi
833 4044 950 4121 nostri
978 4043 1101 4119 dolore
1129 4039 1387 4142 cognovimus.
1428 4034 1524 4123 Quid
1561 4037 1664 4112 enim

338 4169 515 4274 ineptius,
547 4168 604 4244 vel
634 4168 847 4244 iniuriosius
867 4162 1067 4264 excogitari
1087 4163 1221 4261 potest,
1246 4181 1354 4258 quarn
1375 4155 1539 4246 dubium,
1566 4155 1665 4231 unde

338 4289 559 4370 Patriarcha
587 4310 799 4389 responsum
830 4284 1031 4373 exorditur,
1065 4281 1164 4356 circa
1199 4281 1411 4353 nostrarum
1448 4273 1664 4352 litterarum

338 4409 672 4500 authenticitatem,
706 4431 800 4507 quac
828 4405 872 4478 ad
900 4425 984 4478 euru
1014 4423 1078 4501 per
1107 4399 1282 4473 Nostrum
1319 4395 1359 4469 in
1394 4395 1663 4494 Mesopotamia

339 4530 555 4636 Delegatum
583 4529 627 4606 de
655 4547 756 4602 more
794 4525 926 4598 missac
961 4517 1124 4597 fuerant't
1163 4518 1296 4594 Totum
1339 4517 1462 4588 autem
1507 4535 1667 4616 respou-
