3674 5210
712 240 909 286 ctnrtnxntu
1356 241 1360 248 ·
1410 215 1454 287 87

130 337 228 414 niret
257 343 298 413 ut
327 336 385 411 vel
418 337 560 435 publica
589 338 826 430 auctoritate,
861 336 918 412 vel
947 338 1173 436 privatorum
1214 335 1314 414 facto
1359 361 1463 414 acce-

130 461 272 549 dente,
302 455 521 558 Capellam-a
550 457 608 532 vel
636 481 846 558 suspensa,
878 455 938 531 vel
975 479 1174 556 suppressa
1221 463 1460 548 remaneret,

131 573 244 652 huius
275 577 341 652 dos
369 577 414 651 ad
443 600 529 652 suos
559 575 731 654 haeredes
768 583 805 651 et
850 597 1075 650 successores
1110 577 1369 674 pertransiret.
1403 577 1466 652 ln-

131 695 285 772 stitutor
313 694 413 770 enim
451 719 517 795 pro
544 698 645 772 certo
675 694 847 788 babebat,
877 693 1072 769 haeredem
1101 691 1297 792 sanguinis
1327 692 1465 795 pietate

132 818 276 892 motum
304 814 388 916 piae
418 815 533 917 ipsius
561 813 745 892 voluntati
775 812 947 888 resistere
975 835 1107 888 ausum
1136 835 1210 887 uon
1233 810 1359 888 luisse.
1393 815 1466 890 Ast

132 935 295 1010 allusisse
322 933 559 1037 Capellamae
589 933 810 1028 stabilitate,
840 943 971 1034 sponte
999 931 1115 1008 veluti
1144 959 1213 1008 sna
1240 933 1335 1021 fluit,
1366 935 1463 1036 quod

17 1137 18 1146 Ν
134 1055 228 1130 bona
256 1053 430 1132 adhunc
457 1054 629 1131 effectum
649 1054 793 1144 relicte,
814 1052 881 1131 tali
910 1051 1055 1128 vinculo
1084 1049 1225 1128 onena
1245 1059 1466 1130 remaneant

136 1177 174 1250 ud
204 1199 457 1276 quoscumque
485 1175 724 1278 perveniant:
755 1173 922 1277 alioquin
951 1174 1209 1275 perpetuitatis
1256 1173 1340 1249 idea
1376 1197 1465 1251 eva·

138 1305 313 1392 nesceret,
332 1297 491 1400 finisque
509 1299 555 1376 ab
575 1298 790 1376 institutore
809 1294 1017 1374 omnimode
1036 1296 1200 1372 intentus
1220 1295 1316 1372 haud
1331 1293 1462 1373 haberi

134 1425 278 1520 pusset3
309 1419 407 1520 qnod
432 1411 552 1496 dicere
581 1418 684 1494 nefas
712 1423 779 1495 est.
814 1417 968 1517 ideoque
995 1415 1154 1494 actualis
1181 1414 1313 1492 haeres
1341 1439 1463 1516 neque

134 1537 432 1615 asatisfacendo
461 1539 659 1618 blissarum
688 1538 811 1642 legato
837 1539 949 1615 eximi
977 1543 1099 1640 potest
1112 1513 1135 1630 ,’
1146 1561 1264 1638 neque
1299 1561 1364 1638 pro
1396 1560 1463 1613 suc

132 1654 253 1734 lubitu
281 1655 461 1734 eiusmodi
490 1657 756 1760 patrimonium
796 1680 863 1732 nec
891 1655 974 1733 aliis
1002 1656 1166 1758 obligare
1194 1679 1264 1732 nec
1298 1655 1463 1732 alienare

103 1775 263 1865 ,valet3
294 1776 382 1877 quia
408 1800 455 1852 ex
482 1776 632 1867 notatis,
668 1772 867 1853 manifesta
899 1774 1088 1850 testatoris
1115 1773 1289 1851 voluntas
1318 1779 1465 1850 utrum-

17 1911 18 1994 ᾗ
133 1919 202 1994 que
233 1904 345 1972 vetat.
377 1896 506 1998 Neque
532 1894 684 1974 aliunde
712 1893 856 1972 eruitur
883 1897 978 1997 quod
1008 1898 1166 1972 testator
1180 1919 1268 1972 suae
1296 1891 1464 1995 disposi-

17 2001 18 2012 ’
132 2015 246 2089 tionis
273 2013 435 2116 rigorem
463 2013 591 2094 lavore
620 2015 819 2092 haeredum
848 2013 1016 2092 relaxare
1053 2014 1247 2106 voluerit3
1278 2037 1364 2091 nam
1414 2035 1464 2088 ex

134 2159 208 2209 una
239 2140 344 2235 parte
373 2139 502 2212 contra
528 2134 671 2212 faciunt
715 2159 892 2237 expressa
918 2135 1031 2212 verba
1070 2136 1111 2212 in
1156 2134 1355 2212 erectionis
1403 2143 1465 2210 ta·

134 2251 231 2327 bulis
260 2253 429 2345 atlieclap
460 2279 505 2328 ex
535 2253 653 2329 altera
679 2279 768 2331 vero
796 2253 950 2332 huiusce
978 2260 1194 2355 praetensae
1222 2253 1463 2332 relaxationis

131 2374 357 2450 mentionem
385 2372 592 2478 frustraxin
618 2373 713 2451 actis
754 2374 931 2476 requires.
972 2373 1010 2452 Si
1051 2377 1211 2452 testator
1253 2375 1463 2475 primaevae

132 2491 379 2570 institutionis
408 2495 693 2596 perpetuitatem
721 2493 920 2572 haeredum
949 2499 1072 2598 gratia
1112 2496 1297 2598 corrigere
1338 2493 1464 2572 inten-

132 2615 273 2690 debat:
306 2613 375 2690 hne
404 2613 569 2716 prolecto
597 2615 723 2719 aliquo
751 2615 859 2692 niodo
888 2614 1123 2692 rnauitestum
1171 2615 1331 2693 lecisset.
1364 2615 1463 2694 Cum

131 2743 253 2809 tacere
281 2733 477 2827 nraluerit,
510 2735 661 2813 evidens
697 2723 879 2839 estquod
908 2737 1069 2840 seipsum
1098 2735 1284 2836 corrigere
1311 2734 1462 2830 noluit3

132 2877 341 2954 espressam
372 2879 533 2957 namque
562 2856 795 2934 uoluntatem
812 2880 879 2958 per
897 2857 1064 2932 eiusdem
1083 2855 1286 2934 veluntatis
1305 2879 1462 2958 expres·

132 2997 213 3050 sum
241 2985 280 3048 et
308 2974 536 3051 centrarium
570 2979 692 3052 actum
721 2975 859 3052 destrui
888 2999 996 3052 nemo
1017 2976 1179 3076 ignorat.
1203 2975 1348 3078 Exque
1368 2973 1465 3052 iuris

133 3093 390 3194 principium:
422 3093 526 3195 quod
552 3095 675 3171 votuit
716 3099 932 3197 cmpresstt,
962 3095 1065 3197 quod
1096 3121 1183 3170 nero
1218 3097 1346 3171 notuit
1385 3117 1464 3168 non

134 3221 326 3314 capresstt
369 3238 435 3314 pro
482 3215 710 3324 sustinendq
744 3214 1003 3316 perpetuitatis
1050 3213 1309 3315 obligatione,
1341 3210 1465 3316 potius

134 3357 244 3434 quam
276 3355 343 3434 pro
369 3333 497 3410 eadem
532 3325 717 3412 cassanda
749 3333 913 3410 invocari
951 3357 1055 3436 posse
1095 3334 1250 3410 videtur.
1295 3333 1347 3412 ltlt
1394 3331 1467 3410 hac

136 3476 247 3554 super
294 3477 334 3528 re
378 3453 500 3530 omnis
545 3454 724 3530 dubitatio
760 3453 944 3546 cessabit,
976 3452 1008 3530 si
1047 3478 1134 3555 prae
1167 3455 1285 3532 oetrlis
1327 3455 1465 3532 habea·

135 3578 222 3665 tur,
258 3573 338 3649 ideo
365 3597 388 3649 a
414 3577 592 3650 testatore
619 3573 760 3650 nullam
806 3573 929 3676 operis
968 3573 1190 3652 existentiae
1236 3574 1466 3653 mentionem

135 3691 272 3769 factam
301 3689 539 3793 fuisse,quia
566 3692 745 3770 eiusmodi
773 3693 996 3769 existentiae
1015 3694 1184 3795 probatio
1203 3694 1335 3772 ‚fuisset
1353 3719 1469 3772 causa

137 3839 209 3914 qua
243 3811 432 3889 institutio
460 3812 500 3888 in
528 3811 621 3914 legis
651 3811 823 3914 rigorem,
847 3818 884 3888 et
912 3812 953 3888 in
980 3837 1123 3914 ungues
1151 3813 1231 3892 fisci
1260 3815 1380 3892 denuo
1409 3815 1468 3890 in·

137 3932 314 4026 cidisset,
359 3930 448 4032 quin
489 3930 714 4008 devolutioni
757 3932 856 4008 locus
900 3930 1019 4008 fieret.
1052 3933 1180 4034 Neque
1221 3933 1466 4010 dubitandum

138 4077 186 4126 an
217 4053 298 4127 {unt
327 4049 452 4126 omnia
482 4053 592 4125 menti
616 4049 768 4128 fsvtveant
786 4051 1026 4145 institutoris3
1048 4075 1091 4128 eo
1110 4054 1204 4152 quod
1219 4053 1369 4130 omnino
1388 4079 1467 4126 ser-

137 4173 278 4248 vandas
297 4173 502 4273 postremas
521 4177 559 4246 et
590 4195 655 4270 pro
683 4169 762 4271 lege
788 4172 974 4249 habendas
1004 4175 1226 4249 uincentium
1254 4172 1466 4251 voluntates

138 4293 335 4394 praecipit.
355 4289 514 4370 nmo.
524 4292 571 4391 ff.
583 4291 628 4366 de
651 4289 890 4393 Verbsepnfi'.
907 4291 955 4368 nt
969 4290 1030 4368 lex
1048 4292 1237 4369 duodecim
1256 4293 1466 4370 tabularum

139 4413 229 4487 iuris
249 4409 501 4512 antiquissimi
518 4411 675 4489 Romani
696 4410 912 4488 latissimam
936 4415 1194 4491 auctoritatem
1221 4417 1467 4494 concedebant

140 4535 290 4610 rudibus
320 4531 381 4607 his
409 4533 542 4608 verbis.
568 4558 587 4601 c
616 4529 680 4608 Uo·
705 4531 867 4630 tepescit
886 4531 1090 4628 (Testator)
1111 4559 1205 4609 Suae
1233 4541 1305 4620 ret,
1330 4543 1383 4609 t'tc
1402 4541 1466 4610 ins
