3674 5210
737 275 835 318 macu
860 273 910 326 :ro
1445 251 1485 312 ua

159 356 415 453 auctoritatis,
445 362 512 433 aut
539 381 587 432 ex
615 357 695 432 loco
721 357 803 460 ipsa
831 355 1085 432 manaverint.
1118 352 1193 432 Ubi
1211 351 1302 426 haec
1321 349 1382 425 lex
1403 374 1487 451 per-

158 475 237 551 lata
262 479 303 552 et
331 475 573 579 promulgata
600 475 718 554 suerit
744 477 936 578 integrum
965 475 1038 552 erit
1067 472 1161 550 laico
1190 469 1371 547 tribunali
1389 469 1488 548 iudi-

157 596 254 671 cium
285 595 398 689 ferre,
430 599 559 673 utrum
588 621 630 672 ae
658 597 837 698 quomodo
855 597 1025 674 sacerdos
1045 595 1084 670 in
1104 585 1486 670 sacramentis'admi-

158 714 367 792 nistrandis
386 715 426 792 in
444 716 567 794 divini
586 717 690 794 verbi
710 716 984 819 praedicatione
1007 713 1274 792 conscientiam
1301 709 1485 814 publicam

155 839 194 911 et
222 836 466 912 domesticam
497 835 815 938 tranquillitatem
844 835 1115 938 pertubarerit,
1147 859 1189 910 ae
1207 832 1427 936 episcopalis
1445 834 1485 908 et

157 956 402 1034 sacerdotalis
430 958 533 1034 vocis
562 983 606 1035 ea
632 958 707 1034 erit
734 955 897 1034 conditio
926 959 969 1032 ut
987 979 1032 1031 ea
1050 953 1319 1056 comprimatur
1337 956 1404 1029 aut
1423 952 1485 1029 ob—

156 1082 353 1171 struatur,
383 1102 457 1154 non
485 1075 611 1156 minus
630 1103 740 1178 quam
760 1100 835 1152 vox
854 1077 935 1178 ipsa
955 1075 1040 1154 lesu
1060 1073 1206 1154 Christi
1225 1072 1393 1165 Vicarii‚
1420 1071 1484 1174 qui

156 1198 332 1298 quamvis
357 1199 397 1274 in
427 1187 481 1274 se*
496 1200 575 1301 ipso
603 1198 699 1274 nulli
728 1195 1046 1274 animadversioni
1073 1195 1254 1272 obnoxius
1272 1192 1421 1270 dicatur
1439 1191 1483 1269 ob

156 1341 283 1394 rerum
313 1318 552 1420 politicarum
580 1317 746 1394 rationes
773 1319 813 1393 in
841 1339 999 1420 persona
1026 1319 1154 1392 tamen
1172 1339 1302 1392 earum
1321 1313 1384 1416 qui
1402 1313 1483 1389 eius

155 1461 278 1515 noxae
306 1437 437 1514 affines
466 1437 611 1514 fuerint
639 1437 848 1538 puniendus
879 1459 960 1512 esse
992 1438 1189 1528 censetur,
1225 1433 1283 1508 uti
1315 1430 1482 1535 publicus

154 1557 262 1659 regni
284 1557 507 1634 administer
532 1558 574 1634 in
601 1563 791 1635 conventu
810 1556 1102 1657 legumlatorum
1121 1553 1245 1656 palam
1269 1553 1483 1656 significare

154 1699 228 1752 non
257 1676 472 1772 dubitavit,
503 1701 588 1754 eum
618 1679 790 1782 respectu
821 1678 864 1754 ad
898 1679 974 1754 Nos
1011 1675 1138 1753 habito
1170 1677 1299 1776 aperto
1331 1673 1484 1776 profite-

153 1800 260 1872 retur
291 1823 359 1873 nec
387 1821 527 1874 novum
556 1811 623 1876 aut
650 1797 847 1875 insolitum
875 1822 954 1873 esse
983 1797 1022 1872 in
1050 1795 1213 1898 legibus,
1245 1819 1311 1870 nec
1338 1821 1362 1872 a
1388 1794 1483 1870 iuris

152 1919 365 1994 criminalis
399 1919 544 1996 ratione
577 1918 737 1996 scientia
769 1942 812 1994 ac
847 1943 917 1993 usu
951 1918 1152 2010 absonum,
1190 1915 1318 2019 poenis
1351 1912 1482 1992 subiici

154 2040 357 2140 participes
385 2039 571 2133 criminis,
602 2039 662 2115 ubi
691 2038 911 2140 praecipuus
939 2043 1070 2114 auctor
1098 2036 1224 2138 puniri
1251 2041 1326 2112 non
1345 2035 1478 2138 possit.

152 2158 213 2234 Ex
243 2183 317 2260 quo
345 2158 577 2259 intelligitur
603 2158 649 2234 ad
677 2159 754 2235 Nos
781 2159 895 2234 etiam
923 2184 971 2234 ex
998 2156 1273 2234 dominantium
1293 2157 1482 2234 sententia

152 2278 266 2354 huius
295 2279 390 2380 legis
418 2279 535 2355 telum
565 2284 748 2382 spectare,
779 2278 837 2356 ita
866 2286 907 2354 ut
934 2280 1001 2354 tibi
1031 2283 1160 2354 nostra
1179 2279 1292 2354 verba
1311 2281 1378 2354 aut
1396 2283 1482 2354 acta

151 2398 189 2474 in
218 2399 466 2476 offensionem
495 2401 576 2476 eius
604 2400 699 2501 legis
726 2397 921 2492 incidant,
957 2399 1132 2502 Episcopi
1171 2403 1238 2475 aut
1270 2396 1481 2475 sacerdotes

150 2519 211 2619 qui
242 2525 394 2596 nostrus
429 2521 626 2598 sermones
650 2526 689 2598 et
717 2521 860 2596 monita
887 2525 954 2598 aut
981 2520 1201 2622 evulgarint
1228 2527 1295 2597 aut
1330 2519 1480 2596 executi

151 2637 298 2715 suerint
326 2666 463 2740 poenas
491 2641 608 2718 laturi
636 2642 715 2717 sint
742 2640 823 2716 eius
851 2642 1038 2742 praetensi
1058 2640 1242 2733 oriminis,
1272 2645 1379 2716 cuius
1399 2663 1483 2716 rea-

150 2761 232 2833 tum
264 2762 303 2834 ct
339 2759 490 2863 culpam
527 2761 603 2836 Nos
646 2760 701 2836 uti
741 2760 960 2862 praecipuus
992 2769 1123 2836 auctor
1160 2761 1347 2836 sustinere
1382 2758 1481 2836 iudi-

149 2880 334 2956 cabimur.

229 2999 293 3075 En
317 2999 555 3076 Venerabiles
575 3000 729 3077 Fratres
748 3000 1055 3102 quemadmodum
1071 3027 1145 3078 non
1160 3002 1281 3077 solum
1296 3007 1355 3078 tot
1374 3027 1481 3105 prae-

150 3119 246 3196 sidia
273 3125 332 3196 tot
360 3120 541 3196 instituta
570 3121 741 3196 roborata
769 3121 956 3216 saeculis,
987 3123 1132 3198 invicta
1164 3122 1472 3224 tempestatibUS‚

151 3239 345 3316 Ecclesiae
363 3239 684 3317 administrationi
705 3243 914 3318 necessaria
933 3242 1063 3319 hostili
1082 3244 1267 3321 violentia
1287 3269 1329 3320 ac
1355 3244 1481 3320 demo·

153 3357 283 3436 litione
304 3359 400 3460 apud
421 3360 497 3436 Nos
516 3385 648 3437 eversa
666 3369 770 3442 sunt.
794 3361 855 3436 sed
875 3386 917 3438 eo
936 3364 1050 3438 ctiam
1071 3386 1308 3464 progressum
1326 3366 1408 3457 est,
1436 3369 1479 3440 ut

151 3478 309 3555 sublime
328 3479 421 3554 illud
441 3505 577 3557 munus
596 3481 747 3557 docendi
768 3482 952 3584 vigilandi
971 3484 1316 3561 animarumsaluti
1336 3488 1480 3589 prospi-

151 3597 270 3674 ciendi
287 3599 382 3698 quod
401 3599 572 3676 Ecclesia
587 3625 609 3676 a
624 3625 691 3676 suo
705 3601 834 3678 divino
848 3603 1038 3680 conditore
1048 3605 1205 3706 aceepit,
1219 3606 1362 3683 nefario
1373 3609 1479 3685 modo
1502 3641 1504 3648 s

151 3718 391 3820 impediatur,
414 3721 663 3798 severissimis
683 3723 811 3824 poenis
832 3723 982 3800 indictis
1002 3723 1048 3800 ad
1067 3726 1333 3802 obstruendum
1352 3751 1393 3802 os
1409 3729 1480 3803 mi-

152 3837 356 3915 nistrorum
387 3841 484 3933 eius,
514 3840 692 3942 quidum
721 3843 854 3918 docent
883 3843 1037 3945 populos
1065 3869 1217 3922 servare
1235 3847 1362 3924 omnia
1385 3872 1478 3948 quae

152 3957 332 4034 Christus
366 3959 591 4056 mandavit,
630 3962 718 4037 dum
753 3962 899 4039 instant
934 3968 1143 4068 opportune
1171 3968 1385 4069 importune
1417 3994 1478 4044 ar-

153 4083 275 4178 guunt
307 4081 506 4156 obsecrant
537 4080 735 4186 increpant
770 4084 810 4160 in
847 4085 949 4160 omni
986 4085 1170 4186 patientia
1205 4093 1244 4163 et
1276 4087 1473 4180 doctrina,

152 4197 244 4274 illud
274 4203 398 4301 agunt
424 4201 519 4301 quod
547 4202 678 4278 diviua
705 4227 759 4278 ers
787 4208 826 4280 et
854 4203 1058 4312 apostolica
1080 4207 1307 4282 auctoritate
1333 4207 1478 4309 praeci-

154 4316 268 4418 pitur.
301 4320 408 4396 Alias
437 4325 563 4396 autem
594 4323 809 4398 tenebrosas
838 4324 1050 4401 nmlitiones
1078 4333 1380 4429 oppugnatorum
1404 4327 1477 4400 llo-

153 4434 286 4514 clesiae
315 4439 467 4515 silentio
495 4441 758 4541 praeterinms,
790 4469 811 4515 a
839 4444 970 4542 quibus
998 4445 1266 4522 nonnullorum
1295 4447 1474 4522 etiamen

157 4557 308 4657 publicis
336 4559 571 4634 administris
601 4560 758 4635 consilia
777 4567 815 4634 et
836 4562 1081 4639 incitamenta
1100 4590 1173 4641 non
1193 4567 1317 4641 abesse
1340 4591 1476 4669 cognu-
