3674 5210
356 236 399 304 tt
854 257 992 304 errsrom
1018 255 1180 304 mercum

356 357 466 429 tatem
497 378 586 455 erga
612 359 649 430 te
677 355 864 446 Nostram,
897 355 1100 454 quodcum
1130 353 1362 454 Apostolicae
1403 353 1509 432 Sedis
1554 350 1677 428 indol-

350 473 478 575 gentia
505 483 543 549 et
570 473 799 550 absolutione
836 473 1019 574 indigeres
1047 475 1093 550 ob
1131 499 1174 550 ea
1217 471 1364 576 quaea
1405 478 1442 549 te
1487 496 1679 573 perperam

351 592 449 669 lacta
476 592 625 670 fuerant
651 593 691 668 in
710 591 783 668 illis
802 593 991 668 orientalis
1012 592 1199 669 Ecclesiae
1219 593 1572 694 perturbationibus,
1596 615 1679 666 eam

348 711 420 787 tibi
449 712 745 787 extraordinaria
773 735 922 811 prorsus
952 715 1093 787 ratione
1121 717 1158 788 et
1202 713 1361 789 maxima
1402 715 1595 788 verborum
1625 710 1680 787 le-

351 829 468 906 nitate
496 829 537 906 in
563 830 686 908 eadem
717 832 854 907 Nostra
881 830 1035 932 epistola
1063 831 1348 934 impertivimus.

434 980 453 1021 ›
483 949 723 1026 Dissimulare
753 955 873 1026 autem
904 974 976 1026 non
1007 975 1231 1050 possumus,
1264 977 1435 1051 magnarii
1468 951 1582 1028 Nobis
1624 950 1682 1026 af·

352 1069 440 1147 ferri
469 1071 656 1144 tristitiam
687 1077 724 1146 et
752 1094 866 1170 grave
895 1070 1105 1146 scandalum
1148 1069 1337 1160 fidelibus,
1371 1095 1451 1146 cum
1495 1072 1540 1146 ad
1569 1096 1681 1148 excu-

352 1192 500 1266 sandam
530 1195 632 1265 tuam
662 1189 950 1265 inobedientiam
971 1189 1206 1291 apostolicae
1227 1191 1385 1266 Nostrae
1404 1191 1677 1282 constitutioni,

351 1335 447 1413 quae
476 1307 609 1409 incipit
641 1307 739 1384 Cum
767 1310 1039 1394 ecclesiastica,
1070 1308 1181 1386 huius
1211 1311 1281 1384 vim
1313 1317 1349 1386 et
1376 1309 1577 1386 efficaciam
1622 1313 1682 1387 in·

352 1431 501 1505 firmare
529 1429 674 1503 conaris
704 1430 900 1504 asserendo
928 1455 950 1504 a
975 1435 1014 1505 te
1041 1433 1229 1530 acceptam
1258 1453 1332 1506 non
1360 1429 1497 1516 fuisse;
1528 1430 1564 1506 id
1592 1453 1681 1506 vero

351 1546 446 1622 citra
474 1543 559 1619 fidei
586 1544 813 1644 dispendium
843 1543 922 1620 fieri
953 1547 1116 1645 potuisse
1142 1568 1185 1620 eo
1209 1547 1304 1646 quod
1323 1547 1447 1622 eadem
1462 1545 1682 1621 constitutio

352 1689 426 1740 non
455 1663 672 1764 dogmaticis
703 1665 764 1738 sed
796 1688 893 1738 orere
920 1662 1217 1766 disciplinaribus
1245 1666 1469 1741 accensenda
1488 1665 1549 1741 sit.
1582 1664 1683 1752 Quo-

352 1786 460 1861 modo
490 1806 575 1857 vero
601 1783 745 1858 admitti
777 1786 898 1882 potest
924 1784 1028 1860 salva
1047 1784 1173 1860 divina
1193 1783 1378 1862 Ecclesiae
1401 1784 1676 1873 constitutione,

353 1905 427 1979 vim
457 1906 496 1977 et
523 1899 721 1996 efficaciam
753 1901 1047 2001 Apostolicorum
1076 1903 1397 1982 Constitutionnm
1426 1907 1472 1980 ab
1517 1907 1681 2004 accepta·

358 2025 459 2100 tione
487 2021 751 2121 Episcoporum
785 2022 841 2098 vel
869 2022 1023 2100 aliorum
1053 2046 1368 2123 quorumcumque
1396 2024 1580 2124 pendere;
1620 2047 1683 2100 eas

358 2166 444 2218 vero
473 2166 567 2242 quae
595 2140 854 2241 disciplinam,
888 2166 963 2218 non
993 2143 1100 2218 fidem
1131 2143 1359 2244 respiciant,
1392 2144 1543 2243 impune
1580 2142 1683 2218 reiici

355 2261 495 2363 posset
523 2260 603 2337 Ho'c
629 2264 728 2336 certe
755 2284 831 2335 non
860 2261 1043 2337 sentiebas
1072 2268 1126 2348 tn,
1160 2265 1256 2339 Ven.
1297 2263 1451 2352 Frater,
1485 2287 1568 2338 cum
1610 2261 1686 2337 ele-

355 2381 489 2457 ctionis
517 2387 602 2455 tuae
630 2378 945 2456 confirmationem
975 2380 1167 2482 postulans
1196 2383 1437 2483 promittebas
1466 2383 1505 2457 in
1526 2374 1607 2458 'tuis
1626 2382 1685 2459 lit

358 2500 446 2575 teris
475 2498 548 2602 (l),
582 2508 617 2572 te
646 2499 760 2573 Nobis
788 2500 1014 2576 obedientem
1044 2508 1081 2576 et
1107 2501 1311 2577 subiectum
1348 2508 1427 2578 toto
1473 2505 1572 2578 vitae
1600 2510 1688 2578 tuae

362 2629 531 2721 tempore
559 2619 737 2710 futurum,
770 2627 808 2694 et
834 2619 932 2696 hanc
958 2621 1218 2696 subiectionem
1261 2625 1328 2698 tua
1365 2624 1498 2725 agendi
1543 2623 1688 2710 ratione

362 2741 638 2840 comprobabas.
670 2739 749 2812 lloc
777 2763 851 2815 non
879 2745 1074 2816 senserunt
1113 2741 1178 2840 qui
1206 2748 1292 2818 ante
1319 2745 1358 2818 te
1378 2743 1528 2818 fuerunt
1564 2744 1689 2819 catto

357 2857 418 2933 liei
449 2857 716 2937 Chaldaeorum
747 2857 991 2957 patriarchae.
1023 2859 1103 2936 Hoc
1129 2861 1275 2936 demum
1306 2884 1379 2937 non
1408 2863 1524 2938 sensit
1561 2863 1688 2939 Simon

359 2975 418 3051 ille
447 2975 610 3066 Sulaka,
644 2999 715 3076 quo
745 2980 1022 3076 praedecessore
1050 2978 1237 3079 gloriaris.
1272 2982 1304 3056 ls
1341 2982 1440 3057 enim
1485 2983 1685 3084 primatum

358 3096 622 3173 iurisdictionis
650 3095 814 3171 Romani
843 3097 1037 3172 Pontificis
1065 3098 1119 3172 ita
1146 3097 1333 3200 professus
1362 3107 1445 3193 est,
1480 3105 1522 3177 ut
1549 3101 1688 3177 idcirco

358 3217 589 3320 promitteret
616 3241 655 3290 se
688 3223 916 3316 «tamquam
946 3215 1175 3294 obedientiae
1204 3217 1318 3294 filium
1356 3219 1683 3313 ordinationibus,

366 3337 623 3438 »pr-acceptis,
656 3333 821 3411 censuris
850 3361 892 3412 ac
919 3336 1143 3412 iussionibus
1172 3339 1298 3439 Papae
1326 3338 1408 3414 Iulii
1440 3334 1487 3416 lll
1523 3340 1688 3416 moderni

363 3461 441 3530 »et
469 3479 721 3530 successorum
751 3478 899 3530 suorum
930 3455 1040 3530 Rom.
1075 3455 1296 3533 Pontificum
1327 3458 1503 3533 canonice
1549 3459 1688 3534 intran-

364 3579 510 3664 »tium,
542 3585 580 3649 et
609 3572 692 3651 Sedi
720 3573 954 3673 Apostolioae
981 3573 1136 3650 fideliter
1163 3579 1202 3650 et
1229 3601 1370 3677 semper
1413 3580 1688 3678 obtemperatu-

363 3719 541 3770 ›rum.»
574 3692 692 3768 Porro
721 3691 823 3768 hanc'
843 3692 926 3769 fidei
954 3693 1218 3795 professionem
1249 3695 1285 3771 in
1314 3697 1391 3770 tuis
1419 3696 1583 3772 archivis
1628 3723 1691 3773 as-

360 3813 502 3892 servari
529 3814 815 3904 existimamus,
857 3837 938 3888 cum
968 3813 1116 3914 integre
1157 3814 1338 3914 iuscripta
1366 3815 1477 3891 fuerit
1515 3815 1553 3892 in
1590 3817 1691 3916 Apo-

360 3933 499 4009 stolicis
527 3932 661 4009 litteris
705 3932 866 4007 eiusdem
897 3931 979 4006 lulii
1025 3934 1316 4032 praedecessoris
1358 3935 1483 4009 Nostri
1514 3936 1608 4010 datis
1645 3938 1691 4014 ad

362 4055 528 4130 eumdem
557 4051 731 4130 Sulakam
763 4051 798 4127 X
827 4051 1015 4126 Kalendas
1037 4052 1159 4126 Martii
1181 4077 1240 4127 an.
1260 4053 1415 4129 MDLlll
1436 4052 1571 4154 quibus
1590 4054 1692 4130 eius-

361 4175 441 4249 dem
462 4172 591 4248 electio
621 4171 656 4245 in
687 4170 935 4270 patriarcham
965 4169 1176 4246 confiimata
1203 4169 1286 4245 fuit.

447 4290 586 4380 »Quid
615 4313 701 4364 vero
729 4289 922 4366 dicendum
949 4291 994 4364 de
1023 4287 1263 4364 excusatione
1290 4315 1399 4388 quam
1438 4293 1531 4391 petis
1565 4316 1611 4367 ex
1642 4290 1694 4366 ti·
1780 4335 1788 4340 -
1834 4329 1835 4400 j

366 4437 466 4488 more
498 4410 703 4498 malorum,
737 4433 831 4508 quae
859 4408 924 4483 tibi
956 4411 1103 4508 tuisque
1132 4409 1340 4508 impendere
1377 4410 1467 4487 dicis
1508 4411 1554 4488 ab
1590 4411 1693 4488 civili

440 4565 478 4638 (1)
498 4569 592 4636 Epist.
610 4565 642 4618 15
662 4567 823 4619 Decembris
844 4565 922 4619 retr.
