3674 5210
359 227 400 290 58
933 241 1030 282 nutum
1054 243 1063 279 ·.
1075 239 1104 284 Ιο

354 337 530 415 manendi
559 363 667 437 „uani
697 335 897 438 quaerendi
925 335 1059 411 alienis
1087 335 1127 411 in
1148 337 1259 412 terris
1287 336 1535 438 tranquillum
1554 335 1681 440 hospi-

353 459 466 552 tium,
496 457 605 560 idque
634 483 677 533 ea
705 460 831 534 mente
858 457 902 531 ut
920 479 1034 558 penes
1054 456 1164 533 Beati
1183 457 1291 534 Petri
1320 458 1532 560 sepulcrum
1551 481 1677 560 prore

352 579 539 657 catholica
556 579 694 681 vigiles
714 577 888 654 excubias
908 596 1119 678 ageremus,
1142 600 1346 677 numquam
1364 573 1582 653 destitimus
1609 601 1680 652 au-

352 681 513 776 xiliante
541 699 618 775 Deo
646 723 713 801 pro
740 721 853 774 causa
882 696 975 772 Eius
1005 695 1143 772 tuenda
1166 700 1326 790 certare,
1346 699 1386 773 et
1405 695 1568 796 quotidie
1597 721 1679 772 cer-

351 821 479 894 tamus
508 818 640 894 nullibi
669 818 748 893 loco
766 816 939 893 cedentes
959 815 1058 891 hosti
1088 815 1161 891 nisi
1185 816 1224 891 vi
1248 814 1408 918 depulsi,
1430 819 1474 892 ut
1493 842 1678 920 perpauca

352 935 420 1014 illa
448 961 541 1039 quae
568 937 689 1014 adhuc
718 938 862 1039 reliqua
889 938 980 1012 sunt
1007 936 1051 1011 ab
1079 936 1221 1036 impetu
1239 933 1499 1038 diripientium
1526 943 1565 1013 et
1593 963 1679 1040 per·

350 1061 500 1135 vertere
528 1060 654 1136 omnia
672 1057 892 1137 conantium
908 1053 1157 1133 vindicemus
1180 1055 1257 1136 Ubi
1276 1059 1402 1133 autern
1430 1060 1577 1134 caetera
1597 1057 1676 1137 Nos

350 1176 567 1256 defecerunt
601 1177 786 1282 praesidia
818 1177 950 1280 quibus
981 1175 1174 1254 Ecclesiae
1205 1180 1245 1253 et
1283 1176 1477 1277 religionis
1510 1180 1676 1258 rationes

351 1312 558 1392 tueremur,
591 1299 667 1376 Nos
696 1303 846 1375 nostrae
872 1298 977 1374 vocis
1009 1299 1050 1374 et
1085 1299 1302 1406 nostrarum
1329 1296 1676 1400 expostulationum

350 1415 473 1496 officio
507 1419 565 1494 usi
598 1442 745 1510 rumus3
781 1417 889 1497 cuius
926 1418 978 1494 rei
1015 1420 1133 1494 testes
1170 1418 1262 1493 estis
1300 1417 1371 1519 ipsi
1408 1417 1539 1519 quibus
1574 1441 1678 1500 oom-

350 1542 481 1619 mnnie
508 1539 674 1643 pericula
697 1540 906 1617 communis
925 1537 1124 1616 Nobiscum
1150 1537 1254 1616 dolor
1274 1537 1365 1615 fuit:
1388 1562 1498 1642 saepe
1516 1565 1675 1642 namque

350 1663 464 1738 verba
491 1662 694 1764 excepistis
713 1659 858 1763 publice
875 1685 899 1736 a
918 1659 1031 1736 Nobis
1055 1657 1203 1761 prolate
1219 1659 1301 1734 sive
1320 1662 1364 1733 ut
1389 1682 1487 1736 nova
1507 1659 1675 1738 facinora

350 1783 631 1886 reprobaremus
649 1783 689 1856 et
702 1782 836 1857 contra
854 1779 1149 1857 invalescentem
1162 1777 1328 1853 hostium
1348 1775 1570 1855 violentiam
1590 1807 1677 1884 pro-
1727 1859 1730 1863 ,
1831 1801 1832 1808 ’

350 1902 591 1992 testaremur,
615 1901 694 1974 sive
714 1901 758 1976 ut
781 1900 882 2002 aptis
910 1897 1063 1973 monitis
1091 1894 1219 1972 fideles
1247 1896 1522 1974 instrueremus
1540 1923 1587 1976 ne
1615 1899 1676 1977 in-

353 2019 458 2095 sidiis
477 2020 729 2122 improborum
756 2020 796 2095 et
822 2017 1022 2096 simulatae
1055 2015 1250 2118 religionis
1279 2017 1414 2117 specie,
1446 2041 1518 2094 nen
1548 2021 1673 2096 noxiis

353 2139 533 2216 falsorum
562 2139 725 2216 fratrum
743 2138 925 2215 doctrinis
944 2135 1219 2238 deciperentur.
1241 2135 1403 2216 Utinam
1424 2137 1575 2214 vocibus
1595 2138 1675 2217 No-

352 2260 443 2336 stris
471 2259 620 2337 tandem
650 2258 876 2336 admoveant
902 2279 1012 2332 cures
1039 2255 1280 2356 animumque
1306 2253 1488 2332 adiiciant
1505 2255 1565 2334 illi
1584 2284 1676 2360 quo-

351 2405 435 2455 rnm
456 2380 501 2456 ad
521 2379 683 2456 officium
703 2378 870 2481 pertinet
887 2379 926 2451 et
940 2374 1104 2451 maxime
1118 2373 1293 2467 interest,
1316 2375 1582 2453 anctoritateffl
1599 2378 1677 2456 No-

351 2502 469 2574 stram
500 2504 728 2588 sustentare,
759 2501 799 2574 et
829 2519 982 2574 oausam
1009 2518 1082 2595 qna
1109 2493 1216 2571 nulla
1247 2494 1383 2570 iustior
1410 2498 1449 2570 et
1481 2498 1672 2595 sanctior,

351 2619 517 2696 viriliter
536 2617 654 2696 tueri!
678 2617 775 2694 Nam
794 2616 857 2717 qui
878 2613 960 2690 fieri
979 2616 1105 2716 potest
1124 2617 1166 2690 ut
1185 2613 1336 2690 illorum
1356 2615 1593 2716 prudentiam
1614 2617 1633 2695 f
1656 2665 1676 2680 -

350 2739 446 2840 giat,
478 2739 621 2814 frustra
649 2737 805 2814 solidam
832 2759 876 2812 ac
903 2758 1030 2810 veram
1059 2733 1346 2837 prosperitatem
1374 2735 1414 2810 in
1443 2737 1671 2833 nationibus,

350 2857 668 2958 tranquillitatem
696 2880 741 2932 ac
767 2853 935 2932 ordinem
965 2853 1004 2930 in
1024 2853 1187 2956 populis,
1208 2854 1454 2931 stabilitatem
1474 2859 1674 2960 potestatis

349 2975 390 3052 in
409 2976 456 3052 iis
475 2976 536 3077 qni
557 2979 706 3079 sceptra
720 2978 853 3051 tsnens
872 2974 1077 3076 expectari,
1099 2973 1132 3047 si
1149 2973 1339 3050 Ecclesiae
1354 2975 1561 3052 auctoritas
1579 3003 1674 3079 quae

350 3097 548 3173 societates
575 3118 704 3172 omnes
723 3096 824 3171 recte
852 3093 1079 3169 constitutas
1099 3092 1250 3170 vinculo
1274 3092 1468 3195 religionis
1486 3098 1671 3194 continet,

246 3258 251 3267 ·
350 3213 502 3316 irnpune
530 3215 795 3290 contemnatur
813 3217 852 3287 et
870 3211 1049 3304 violetur,
1072 3212 1225 3312 eiusque
1244 3212 1369 3314 Caput
1396 3237 1613 3316 supremum
1633 3219 1673 3296 in

350 3357 417 3410 sno
446 3332 656 3410 ministerio
683 3331 848 3410 obeundo
877 3331 988 3433 plena
1016 3331 1189 3407 libertate
1213 3330 1270 3407 uti
1298 3336 1473 3432 nequeat,
1503 3336 1543 3412 et
1569 3341 1676 3438 pote-
1726 3425 1728 3433 ,

350 3453 462 3529 statis
490 3451 649 3529 alterius
678 3452 729 3529 sit
755 3453 936 3529 obnoxius
965 3450 1143 3528 arbitrio?

429 3572 527 3650 Illud
556 3595 646 3649 sane
674 3572 836 3650 feliciter
862 3570 1040 3647 accidisse
1067 3570 1269 3666 laetamur,
1300 3575 1343 3648 nt
1374 3597 1484 3650 voces
1512 3573 1674 3652 Nostrae

349 3693 394 3770 ab
422 3694 599 3770 universo
626 3691 813 3768 catholico
841 3692 984 3792 Populo
1011 3689 1120 3765 filiali
1153 3691 1292 3792 pietate
1326 3692 1439 3770 Nobis
1466 3694 1670 3789 obstrictu,

349 3813 596 3891 libentissime
616 3835 823 3913 magnoque
841 3835 924 3887 curn
946 3808 1072 3885 fructu
1087 3817 1264 3913 exceptae
1283 3810 1441 3906 fuerint3
1463 3813 1558 3891 talia
1570 3815 1671 3893 enim

252 3922 256 3930 ’
349 3936 440 4009 sunt
468 3956 560 4033 quae
588 3932 632 4006 ab
660 3930 752 4034 ipsis
790 3930 1000 4031 accepimns
1034 3929 1246 4006 dilectionis
1283 3932 1433 4010 assidua
1459 3939 1499 4011 et
1534 3934 1674 4014 iterata

349 4051 582 4144 testimonia,
613 4051 657 4126 ut
684 4055 723 4126 et
749 4050 841 4153 ipsis
870 4055 909 4122 rt
936 4049 1127 4126 Ecclesiae
1156 4074 1338 4126 suminam
1359 4052 1518 4153 gloriam
1546 4055 1674 4133 confe-

350 4171 451 4262 rant,
482 4175 522 4244 et
547 4168 639 4245 bene
659 4193 808 4272 sperare
829 4169 905 4243 Nos
934 4169 1085 4246 iubeant
1113 4169 1286 4245 laetiores
1305 4169 1384 4246 dies
1402 4171 1520 4248 eidem
1541 4173 1675 4252 Eccle-

349 4290 426 4367 siae
452 4295 492 4370 et
520 4290 608 4367 huic
637 4288 874 4392 spostolicae
893 4287 976 4366 Sedi
997 4289 1174 4366 orituros.
1197 4291 1252 4365 Ac
1276 4290 1442 4391 profecto
1461 4295 1528 4368 vix
1548 4295 1672 4372 verbis

269 4501 270 4506 Ἰ
349 4433 508 4511 aequare
525 4435 722 4514 possumus
742 4409 1015 4486 iucunditatern
1029 4408 1155 4485 solatii
1170 4408 1264 4509 quod
1286 4411 1517 4514 percepimus
1535 4413 1673 4493 validis
