3674 5210
532 209 534 214 ’
602 232 739 280 nrrsrom
767 233 925 280 uncrcum
1381 215 1418 282 21

106 357 210 408 venes
237 331 296 407 vel
325 330 447 408 miuus
475 329 594 408 idonei
627 329 683 406 vel
712 355 860 433 prorsus
889 331 1058 432 indigni3
1088 329 1264 408 ecclesiae
1294 332 1424 411 catho-

109 451 181 527 licis
208 452 470 544 fraudulenter,
505 450 562 527 vel
591 454 702 528 etiam
733 453 912 530 violenter
940 461 1102 553 ereptam
1132 454 1365 532 contumeliis
1384 460 1423 531 et

106 571 292 647 calumniis
318 571 477 648 lacessiti
507 567 579 647 uon
599 572 716 649 solum
737 571 960 648 missionarii
979 571 1182 673 apostolici,
1207 573 1271 650 sed
1285 576 1323 648 et
1343 573 1422 674 ipse

107 693 189 766 Veu.
213 693 568 770 Fraterleuuardus
588 693 894 795 archiepiscopus
915 691 1166 769 Nicomedien.
1185 695 1248 796 qni
1284 694 1423 772 vicaria

108 811 228 884 Nostra
257 815 438 910 potestate
467 813 506 887 in
533 835 578 887 ea
604 813 755 913 regione
774 811 956 912 fungitur:
979 816 1018 888 et
1037 811 1240 889 luctuosum
1262 812 1423 891 schisma

109 927 279 1004 invectum
311 932 368 1005 est
393 943 427 1004 et
448 929 605 1007 fovetur.
626 931 723 1006 Hinc
741 931 894 1008 dissidia
912 935 949 1006 et
963 931 1217 1008 contentiones
1237 933 1423 1010 excitatae

110 1049 188 1122 inter
217 1047 343 1124 lideles
372 1048 629 1143 Malabaricos,
660 1049 743 1126 aliis
771 1048 939 1152 legitimo
966 1073 1034 1127 suo
1061 1050 1228 1126 Praesuli
1269 1050 1424 1126 firmiter

108 1169 393 1260 adhaerentibus,
417 1169 501 1246 aliis
529 1172 670 1247 intruso
699 1170 802 1248 Bliae
817 1170 1049 1247 studentibus
1068 1195 1078 1261 ;
1108 1171 1170 1271 qui
1191 1193 1317 1246 omues
1336 1173 1424 1250 suh-

107 1289 190 1363 dolas
219 1297 257 1365 et
289 1289 534 1390 nequissimas
562 1299 660 1368 artes
689 1292 735 1368 ad
763 1289 993 1390 decipiendos
1021 1290 1189 1366 incautos
1215 1295 1254 1367 et
1282 1292 1423 1392 simpli·

105 1407 201 1508 plicas
230 1410 407 1488 adhihere
436 1437 511 1488 non
538 1413 694 1488 destitit.
726 1411 1027 1512 Quandoquidem
1058 1409 1156 1486 filius
1196 1411 1267 1488 iste
1305 1411 1424 1512 perdi-

102 1527 213 1617 tionis,
240 1554 316 1606 non
344 1532 461 1607 solum
491 1531 723 1634 Apostolicas
744 1533 898 1608 Nostros
916 1529 1074 1623 litteras,
1099 1557 1253 1632 quarum
1274 1531 1423 1609 initium

101 1647 377 1749 Speculatores,
408 1653 514 1726 datas
542 1653 586 1725 ad
615 1647 964 1726 Melabarensesdie
990 1649 1111 1750 prima
1130 1650 1289 1750 Augusti
1308 1649 1423 1751 elapsi

98 1768 173 1841 anui
205 1769 486 1846 commenticias
516 1793 594 1844 esse
624 1767 768 1870 publice
797 1767 984 1844 affirmare
1012 1793 1125 1844 ausus
1173 1777 1261 1858 est.;
1291 1793 1423 1845 verum

97 1911 134 1962 eo
161 1889 324 1979 devenit,
350 1894 393 1966 ut
410 1889 530 1966 Breve
556 1893 737 1990 quoddam
757 1887 1014 1989 apostolicum,
1034 1891 1092 1966 oui
1114 1892 1212 1966 diem
1231 1889 1425 1992 inscripsit

96 2006 304 2084 vicesimrnn
336 2009 495 2110 Augusti
525 2032 611 2083 auri.
645 2007 959 2097 nuuuuuxxn,
992 2008 1179 2088 effinxerit
1205 2012 1358 2088 omnino
1386 2019 1424 2088 et

95 2135 324 2204 commentus
351 2128 425 2218 sit;
455 2125 619 2227 illudque
649 2127 790 2227 publice
818 2132 856 2202 et
884 2128 1095 2205 solemniter
1122 2134 1311 2232 tamquam
1359 2154 1426 2207 no·

95 2256 187 2322 siras
217 2250 362 2324 litteras
392 2247 688 2350 promulgaverit.
712 2251 753 2328 ln
781 2272 855 2348 quo
883 2250 928 2326 ab
958 2252 1029 2326 isto
1056 2249 1208 2326 falsario
1235 2251 1426 2352 Apostoli-

93 2390 215 2444 corum
246 2370 459 2445 litterarum
487 2371 709 2446 calumniose
736 2371 894 2460 dicitur,
928 2372 1048 2446 actum
1077 2368 1190 2446 fuisse
1230 2371 1270 2448 iu
1317 2395 1425 2450 oecu-

94 2488 233 2564 menico
263 2487 431 2567 Concilio
460 2490 644 2566 Vaticano
670 2490 714 2568 de
741 2496 937 2590 praetenso
964 2494 1029 2565 tuo
1059 2488 1140 2565 iure
1180 2488 1219 2566 in
1261 2491 1425 2569 Melaba-

93 2609 210 2700 riam,
247 2609 411 2710 illudque
453 2636 473 2684 a
517 2608 693 2685 Patribus
722 2611 915 2711 agnitum,
945 2614 1033 2684 eta
1069 2609 1184 2686 Nobis
1230 2613 1424 2712 probatum

92 2731 234 2823 t'uisse3
267 2755 341 2806 non
371 2735 554 2806 metuente
584 2731 694 2805 huius
732 2732 789 2805 sui
840 2730 1017 2807 mendacii
1058 2733 1117 2805 tot
1161 2739 1302 2820 testes,
1334 2742 1427 2835 quot

93 2857 225 2930 Patres
255 2853 488 2928 oecumenico
517 2852 686 2930 Concilio
704 2853 885 2929 Vaticano
906 2851 1167 2930 interfuerunt.
1191 2854 1338 2932 Interea
1356 2882 1422 2959 per

91 3005 154 3054 vos
183 2977 398 3056 huiusmodi
426 2977 582 3056 fallaciis
609 2975 815 3055 offunditur
844 2977 976 3053 animis
1003 3001 1107 3054 error
1134 2983 1172 3054 et
1203 2980 1355 3082 caligo,
1387 2989 1425 3058 et

90 3102 231 3177 veritas
260 3103 298 3174 in
331 3099 472 3174 malitia
499 3098 762 3190 adulteratum
803 3099 987 3174 fluctuant
1034 3099 1156 3176 tideles
1192 3100 1231 3176 in
1277 3103 1425 3180 diversa

92 3221 284 3304 abstracti,
308 3227 345 3294 et
373 3217 541 3294 nonnulli
568 3241 614 3293 ex
644 3217 704 3310 iis,
727 3216 964 3294 schismatico
979 3217 1140 3294 invasori
1162 3219 1419 3314 adhaerentes,

91 3347 227 3443 putant
254 3365 294 3414 se
334 3338 566 3442 apostolicae
602 3337 811 3414 Beatissimi
851 3336 953 3412 Petri
999 3336 1196 3413 cathedrae
1228 3340 1420 3418 adherere.

173 3459 257 3535 »Si
287 3479 374 3532 vero
400 3462 606 3557 spectemus
633 3480 730 3558 quae
758 3455 797 3531 in
827 3453 1095 3555 Mesopotamia
1122 3455 1221 3532 tacta
1248 3465 1348 3550 sunt,
1372 3459 1422 3535 ibi

90 3605 171 3658 cum
204 3577 311 3678 gravi
339 3574 464 3653 dolore
492 3575 734 3677 respicimus,
767 3577 994 3652 dioecesibus
1023 3600 1192 3677 praeesse
1232 3579 1423 3682 episcopos

91 3697 233 3774 nullam
263 3721 343 3772 cum
379 3696 450 3773 hac
496 3695 710 3772 Beatissimi
758 3696 861 3771 Petri
903 3694 1077 3771 cathedra
1122 3700 1419 3776 communionem

90 3817 287 3908 habentes,
319 3814 408 3914 quiu
436 3821 564 3890 contra
592 3812 793 3913 apostolica
825 3815 999 3890 mandata
1035 3839 1100 3915 per
1136 3819 1339 3893 tatemere
1385 3826 1423 3894 et

89 3933 200 4010 irrita
228 3931 380 4021 electos,
411 3931 589 4034 sacrilege
620 3937 864 4016 consecratos,
898 3955 1088 4033 perperam
1117 3932 1322 4010 institutos.
1363 3937 1422 4014 An

90 4058 240 4150 poteras
267 4051 439 4152 ignorare
467 4058 523 4144 tu,
557 4053 621 4152 qui
651 4051 696 4126 ab
726 4049 883 4126 infantia
910 4056 947 4126 te
975 4050 1014 4125 in
1044 4049 1113 4127 fide
1145 4052 1327 4130 catholica
1344 4061 1424 4130 stu-

89 4173 192 4248 diose
220 4170 403 4247 eruditum
432 4168 547 4244 fuisse
566 4169 712 4269 saepius
731 4193 1007 4261 commemoras,
1030 4169 1172 4246 nullum
1194 4196 1312 4272 posse,
1336 4198 1422 4251 con-

92 4290 296 4368 tradicente
336 4286 550 4391 Apostolica
581 4288 695 4382 Sede,
729 4287 935 4390 legitimum
981 4288 1194 4390 episcopum
1241 4291 1419 4384 iustitui3

90 4411 306 4512 nullamque
320 4407 374 4484 illi
395 4411 614 4509 potestatem
634 4409 766 4498 inesse,
791 4433 898 4508 quem
914 4409 1041 4485 eadem
1061 4410 1273 4510 Apostolica
1292 4413 1415 4507 Sedes,

90 4532 192 4606 omni
223 4529 479 4607 iurisdictione
506 4551 633 4606 carere
660 4527 939 4605 declaraveritl
967 4529 1028 4604 An
1056 4553 1186 4626 parum
1222 4531 1292 4608 tibi
1324 4533 1417 4607 vide·
