3670 5222
356 237 418 306 l08
828 262 866 306 ax
893 263 1018 310 333333
1043 259 1196 309 varicatis

351 356 567 434 dimostrato
595 358 631 434 di
660 357 746 460 qual
775 358 870 436 13113
898 359 1016 437 31313
1045 353 1674 459 1113311313331333333133133-

351 481 461 555 331313
489 480 524 556 31
552 481 700 558 Sommo
731 481 927 555 Pometiae.
966 481 1102 568 oseca
1152 479 1284 554 11113311
1319 481 1479 558 consiste
1508 479 1566 556 nel
1597 507 1673 582 333·

352 603 506 678 mettere
534 600 607 677 3113
635 603 779 702 stampe
807 626 962 675 avvecsa
990 600 1060 676 3113
1092 598 1228 678 Ohiesa
1247 600 1281 675 1’
1292 623 1481 703 msorgere
1509 600 1547 676 in
1576 605 1674 677 13113

349 717 385 796 13
411 721 515 822 guise
542 722 670 798 contro
698 720 733 796 13
762 721 888 822 parole
917 719 973 796 131
1002 721 1117 798 Sento
1147 721 1280 812 Pedio,
1307 717 1498 796 facendola
1518 747 1613 822 agge
1637 733 1673 800 to

348 838 384 917 d’
400 839 559 943 inginnie
588 867 607 916 e
635 841 673 918 di
702 837 914 916 bestemmie
943 865 962 914 e
992 838 1207 916 falsondone
1233 841 1351 917 anche
1378 840 1407 918 il
1432 865 1554 931 senso,
1578 842 1676 918 3331

347 959 556 1040 313133313
584 960 663 1064 3331
692 964 815 1064 tempo
843 959 916 1036 3113
945 959 1067 1036 boone
1094 971 1240 1060 stampe
1267 958 1445 1062 qualsiasi
1464 965 1675 1038 33333313

346 1079 415 1158 che
444 1079 553 1180 valga
580 1106 602 1158 3
629 1075 859 1158 3331333333
887 1079 1156 1158 1333311131
1194 1079 1278 1156 13111
1321 1078 1530 1171 lamentati,
1554 1104 1575 1156 3
1604 1079 1673 1158 3113

347 1199 563 1278 3111333131
591 1199 784 1278 3131333333
811 1199 884 1277 3113
914 1225 1001 1278 voce
1027 1201 1084 1275 del
1112 1199 1212 1300 Oapo
1244 1201 1412 1300 Augusto
1440 1195 1678 1281 1311301113-

346 1349 401 1413 33,
425 1320 554 1399 a’suoi
581 1319 747 1423 consigli‚
772 1320 898 1400 a'suoi
927 1322 1212 1424 insegnamenti:
1248 1319 1306 1398 del
1334 1321 1422 1418 3331
1448 1321 1587 1400 1131313
1614 1325 1678 1400 31)-

347 1442 435 1518 bero
461 1441 527 1542 gio
552 1467 574 1516 3
602 1441 869 1542 specimentace
897 1440 948 1542 gli
990 1439 1106 1529 effetti
1148 1439 1273 1518 alcuni
1313 1439 1473 1545 giocnali
1512 1441 1677 1520 331131131

346 1558 440 1636 13113
460 1559 665 1662 provincie,
683 1583 757 1637 non
786 1585 850 1664 333
870 1559 965 1637 31133
986 1559 1208 1662 sequestrati
1226 1559 1298 1636 che
1316 1587 1382 1664 per
1401 1585 1490 1639 aver
1509 1585 1678 1662 33333333

345 1675 382 1754 13
410 1679 561 1780 3333313
589 1680 850 1755 ammiracione
880 1704 987 1755 verso
1016 1675 1292 1757 l’Allocuzione
1319 1679 1524 1782 pontificia.

427 1797 494 1875 Pel
523 1797 708 1900 31333331
738 1798 775 1873 13
795 1797 1231 1902 33111331333131113311
1258 1799 1327 1878 che
1354 1798 1405 1902 gli
1436 1799 1679 1877 3133333313

346 1922 367 1994 e
394 1942 564 2020 33333333
592 1942 662 1995 333
689 1941 809 1994 nuove
837 1943 857 1994 3
888 1921 951 2020 pin
980 1918 1184 2021 stringenti
1206 1917 1401 1998 minaccie:
1423 1917 1459 1995 di
1481 1919 1591 1996 modo
1610 1917 1676 1993 che

346 2063 385 2114 se
412 2037 424 2113 i
454 2038 610 2114 ministri
642 2038 699 2114 131
727 2037 841 2131 33113,
866 2039 1078 2140 assequenti
1106 2035 1180 2134 3113
1208 2063 1296 2116 voce
1326 2035 1384 2116 del
1404 2039 1586 2139 Supremo
1606 2039 1679 2115 Ge·

347 2156 757 2260 333333331131313313
786 2183 851 2235 333
880 2158 1053 2252 13113133,
1089 2161 1133 2235 31
1175 2158 1386 2236 inculahino
1414 2156 1449 2234 31
1478 2155 1611 2261 popolo
1640 2157 1677 2235 di

346 2277 545 2369 oboedite,
565 2276 723 2354 abbiano
753 2303 775 2352 3
803 2279 964 2355 13333331
992 2278 1144 2355 innanzi
1174 2279 1217 2354 31
1247 2302 1321 2355 333
1348 2276 1458 2379 logge
1484 2275 1554 2356 che
1583 2278 1680 2354 deci-

349 2705 533 2795 tum‚quo
560 2699 690 2795 mapis
711 2693 856 2769 eluceat
873 2715 1069 2796 quaenam
1085 2697 1139 2768 sit
1159 2691 1322 2770 Summo
1343 2691 1527 2790 Pontifici
1543 2693 1678 2768 relicta

347 2814 520 2889 libertas.
557 2811 659 2889 Nam
689 2819 804 2888 istaec
824 2823 901 2888 tota
922 2820 966 2887 in
985 2837 1026 2888 eo
1046 2821 1116 2896 est,
1137 2825 1180 2886 ut
1198 2813 1454 2915 scriptoribus
1477 2810 1675 2889 Ecclesiae

347 2937 517 3034 infensis
528 2934 639 3008 liceat
651 2934 887 3010 omnimodis
912 2932 1032 3010 SSmi
1050 2932 1189 3009 Patris·
1203 2932 1319 3008 verba
1333 2932 1511 3033 refellere
1523 2929 1676 3008 eadem·

348 3077 422 3154 que
459 3059 621 3129 13133113
657 3065 770 3154 atque
808 3053 1057 3154 blasphemiis
1099 3062 1365 3135 contemnere,
1415 3057 1679 3154 spiritumque

349 3174 575 3250 earumdem
602 3175 845 3260 adulterara-
872 3173 1128 3273 scriptoribus
1155 3196 1244 3247 aero
1280 3169 1474 3248 Ecclesiae
1510 3169 1680 3247 addictis

348 3318 396 3366 ne
415 3294 529 3368 liceat
545 3292 703 3394 quidem
720 3298 936 3374 annotatio,
967 3315 1064 3392 quae
1080 3295 1283 3391 factorum
1310 3295 1514 3366 veritatem
1541 3293 1684 3390 confir·

349 3421 439 3497 met,
470 3437 639 3514 quaeque
668 3413 844 3512 Auqusti
872 3407 1066 3486 Ecclesiae
1099 3407 1249 3513 Capitis
1277 3416 1376 3494 ooci,
1413 3409 1609 3495 consiliis,
1649 3419 1683 3484 et

348 3531 584 3606 documentis·
616 3531 842 3630 obsequium
862 3534 1078 3632 patefaciat
1094 3558 1111 3622 ,·
1140 3535 1256 3607 cuius
1285 3529 1501 3605 iniectionis
1529 3531 1683 3631 effectus

349 3657 430 3727 iaoa
459 3663 638 3754 coopertae
666 3661 758 3726 sunt
786 3652 1001 3726 nonnullae
1029 3675 1078 3726 ea
1098 3656 1320 3752 provinciis
1348 3649 1556 3724 catholicae
1574 3651 1684 3751 eple-

348 3773 530 3856 merides,
566 3795 664 3873 quae
695 3777 1040 3870 sequestrationem
1067 3794 1208 3869 passae
1225 3779 1346 3854 sunt,
1380 3767 1494 3842 nulla
1526 3769 1605 3843 alia
1639 3769 1684 3843 de

348 3918 467 3968 causa
485 3918 604 3993 quaoc
623 3891 727 3992 quod
746 3890 1031 3966 Allocutioncm
1053 3887 1301 3990 Pontificiaoi
1330 3895 1497 3963 miratae
1512 3889 1681 3987 fuerant.

433 4013 539 4096 Quae
554 4023 683 4086 autem
702 4007 812 4085 Claro
831 4011 1069 4112 siuqillatim
1082 4015 1397 4109 praenuntiatur·
1416 4007 1589 4090 libertas,
1615 4033 1686 4082 no·

347 4139 408 4209 eis
427 4138 636 4207 comitatur
656 4131 995 4232 asperioribusque
1016 4135 1153 4218 minis·
1171 4135 1224 4204 ita
1246 4141 1288 4201 ut
1317 4138 1353 4202 si
1359 4195 1360 4200 ,
1383 4125 1582 4204 Ecclesiae
1603 4127 1688 4204 Mi·

347 4259 467 4328 nistri
486 4256 661 4353 supremi
683 4249 893 4324 Hieraclaae
912 4251 1022 4322 dictis
1048 4249 1262 4332 audientes,
1280 4248 1452 4322 eiusdem
1467 4247 1685 4324 doctrinam

346 4371 587 4477 promicent.
609 4379 828 4470 sotapentes
848 4379 891 4442 ut
904 4369 1046 4470 populi
1065 4368 1291 4468 obsequium
1303 4379 1492 4468 prestent,
1507 4369 1626 4467 facile
1644 4379 1686 4442 in

349 4502 549 4593 conspectu
570 4493 670 4592 lepis
707 4494 891 4564 constitui
901 4494 1057 4590 possint
1076 4511 1174 4589 quae
1192 4487 1235 4561 id
1251 4489 1408 4562 abusum
1427 4487 1601 4561 decer-nat
1624 4497 1684 4560 io·
