3670 5222
333 214 396 294 l78
797 235 878 292 cinci
904 239 1077 296 ruratnotu
1104 239 1195 294 situi

331 340 564 444 supplement
583 367 666 443 pag.
691 341 755 419 32.
778 341 880 418 Rota
895 343 933 418 in
955 345 1123 422 Romana
1140 345 1332 424 ‹leloction
1353 341 1491 424 vinculi
1505 341 1665 425 locorum

333 461 514 544 montium
543 463 654 539 Iunii
684 463 799 539 1817
829 465 868 560 ἓ.
900 463 927 538 4
957 490 1086 538 coram
1115 465 1303 540 Zirioont‘.

412 581 646 684 Quapropter
671 583 731 660 ius
758 583 855 660 reale
874 585 1168 685 presbyterorum
1199 610 1474 686 quaquaversus
1501 589 1670 666 conside·

335 707 438 780 retur
458 705 498 780 in
516 729 583 781 suo
602 707 731 784 robore
749 710 902 806 perstat.
922 706 1150 816 Quamquam
1168 731 1256 784 voro
1269 709 1330 785 ille
1345 711 1406 810 qui
1424 735 1566 786 sacrum
1582 735 1670 788 con-

336 823 459 901 stituit
486 823 745 926 patrimonium
766 827 844 902 vitat
873 827 1019 904 functus
1037 823 1161 919 fuerit,
1185 827 1440 922 nihilominus,
1463 829 1669 931 Episcopus

337 944 404 1022 ait:
434 943 611 1021 haeredes
642 943 854 1048 obligantur
880 947 985 1023 iuxta
1011 950 1134 1023 actum
1165 947 1407 1048 originarium
1433 949 1527 1022 sacri
1556 947 1671 1049 patri·

340 1064 464 1154 monii,
497 1064 587 1142 hinc
614 1066 708 1142 actio
737 1065 943 1168 personalis
969 1065 1007 1142 in
1044 1071 1215 1168 promptu
1251 1073 1323 1144 est.
1363 1066 1413 1144 Et
1449 1067 1528 1143 ideo
1565 1092 1671 1144 sacra

339 1184 563 1288 patrimonia
590 1191 693 1261 sarto
719 1187 890 1284 tectaque
919 1191 1083 1266 manent.

420 1301 543 1390 Quum
572 1307 693 1380 autem
722 1304 946 1404 patrimonia
974 1329 1078 1382 sacra
1106 1307 1244 1382 nature
1271 1309 1352 1398 sut,
1384 1307 1460 1382 sint
1492 1309 1672 1408 perpetua

344 1427 531 1523 nequeunt
549 1446 617 1525 ope
631 1421 723 1498 iuris
742 1423 910 1525 extingui
926 1447 990 1524 per
1005 1424 1166 1501 beneficii
1192 1427 1472 1513 assecutionem,
1496 1429 1559 1502 sed
1574 1424 1672 1501 facto

342 1566 435 1644 opus
462 1545 666 1642 astatque
693 1542 868 1644 Episcopi
898 1565 1066 1632 assensu3
1103 1547 1166 1645 qui
1206 1552 1446 1648 recognoscat
1472 1571 1520 1622 an
1554 1545 1675 1622 Bene·

344 1661 469 1738 tioium
506 1661 555 1737 sit
590 1661 754 1761 legitimo
781 1660 1015 1763 acquisitum,
1056 1672 1094 1738 et
1129 1667 1174 1740 ad
1213 1666 1311 1742 vitae
1343 1665 1672 1742 substentationem
1725 1713 1730 1732 ·

346 1807 413 1883 par
440 1781 510 1874 siu
541 1779 702 1880 illudque
731 1784 905 1884 subroget
931 1783 969 1858 in
1003 1783 1121 1858 locnm
1159 1787 1388 1886 patrimonii,
1431 1810 1498 1860 ceu
1534 1784 1674 1886 pluries

345 1901 509 1978 decrevit
527 1901 565 1978 S.
587 1900 630 1978 O.
653 1900 806 1980 Concilii
829 1927 940 2004 penes
955 1903 1171 2002 Eagnanum
1187 1906 1402 2006 praesertim
1421 1906 1459 1980 in
1489 1904 1676 2005 Aquilaria

347 2023 405 2100 24
437 2021 645 2098 Februarii
673 2021 793 2100 1652
819 2022 886 2098 lib.
919 2021 976 2099 19
1006 2021 1252 2127 Decretpop.
1279 2022 1367 2103 172
1387 2012 1445 2101 ubi
1470 2025 1508 2102 S.
1531 2025 1670 2123 Gongr.

349 2141 551 2244 respondit.
586 2169 604 2214 ι
636 2141 988 2219 Rerounoioiionem
1009 2150 1245 2244 patrimonii
1282 2145 1335 2221 ad
1372 2150 1485 2219 cuius
1514 2143 1677 2219 titulum

354 2262 527 2340 Clericus
555 2263 785 2365 simpliciter
811 2267 938 2338 sacris
970 2259 1184 2338 Ordinibus
1207 2267 1292 2364 fait
1320 2270 1514 2348 initiatus,
1536 2265 1677 2365 absque

351 2386 507 2460 licentia
535 2382 716 2485 Episcopi
738 2385 884 2482 factam
912 2407 987 2456 noo
1026 2388 1220 2458 sustineri
1252 2389 1369 2458 etiam
1398 2395 1487 2485 post
1525 2406 1679 2458 assecu-

352 2510 492 2578 tionem
522 2501 691 2601 beneficii
708 2501 760 2576 oct
776 2507 860 2576 eius
879 2508 999 2577 vitam
1017 2501 1254 2602 sufficientis.
1279 2531 1297 2572 s
1321 2502 1468 2578 Etcum
1491 2501 1527 2577 in
1550 2503 1678 2577 eadem

352 2621 648 2722 congregatione
675 2621 747 2696 diei
780 2618 829 2694 12
856 2618 937 2697 iulii
972 2617 1072 2694 lost
1103 2620 1328 2722 propositum
1360 2621 1489 2697 fuisset
1521 2646 1680 2723 sequens

353 2741 503 2817 dubium
535 2769 554 2812 ‹
597 2741 660 2814 An
692 2739 799 2816 bonis
836 2740 890 2814 ud
926 2741 1165 2815 commodam
1201 2747 1520 2816 sustentationem
1541 2752 1680 2844 postea

353 2868 557 2962 quaesitio,
579 2859 637 2935 oei
657 2859 830 2960 beneficio
849 2859 1057 2960 sufficienti
1074 2885 1098 2933 o
1112 2861 1226 2962 lepte,
1246 2867 1377 2936 statim
1392 2867 1680 2963 patrimonium

354 2997 568 3066 evanescat,
582 2984 640 3059 oet
648 2988 783 3086 potius
801 2989 1030 3083 requiratur
1046 3007 1229 3086 impressa
1243 2984 1471 3087 subropatio
1487 2983 1677 3059 bonorum

355 3132 423 3183 seu
451 3104 623 3204 beneficii
642 3107 842 3203 assequuti
859 3102 906 3175 ab
925 3101 1110 3204 Episcopo
1128 3103 1312 3202 facienda
1331 3104 1410 3179 ioco
1430 3110 1681 3206 patrimonii,

355 3251 431 3327 qua
451 3225 724 3326 subrogatione
742 3245 920 3325 cupresso
938 3246 1018 3295 non
1033 3225 1151 3322 facia,
1169 3229 1461 3324 patrimonium
1479 3225 1605 3299 edituo
1625 3231 1683 3300 oi-

356 3354 445 3448 peat
462 3372 495 3417 s.
513 3344 625 3420 Sacra
652 3344 724 3418 etc.
748 3346 898 3417 censuit
914 3339 1044 3416 danda
1062 3365 1142 3416 esse
1160 3341 1310 3416 decreto
1329 3343 1431 3418 aiios
1450 3343 1550 3418 edita
1573 3352 1608 3418 et
1627 3349 1684 3420 si-

357 3465 1585 3574 pnanter8Aupusti1602tenorissequentis-Quaerituran
1602 3493 1683 3544 ver·

358 3587 486 3666 baille
505 3585 645 3666 concil.
670 3593 713 3662 in
732 3613 813 3688 cup.
836 3585 867 3666 2
888 3586 989 3663 Sess.
1009 3585 1086 3666 21.
1102 3596 1215 3688 atque
1229 3587 1407 3687 deinceps
1424 3588 1596 3662 alienari
1606 3590 1680 3664 etc.

360 3707 615 3810 intelligenda
632 3711 728 3790 sint,
748 3717 791 3780 ut
803 3715 1012 3808 postquam
1036 3703 1251 3780 Ordinatus
1268 3707 1428 3807 adeptus
1441 3709 1567 3806 fuerit
1581 3709 1684 3784 unde

359 3833 488 3904 uiuere
507 3830 648 3928 possit,
669 3831 900 3926 requiratur
918 3831 1036 3899 etiam
1057 3826 1212 3897 licentia
1237 3823 1445 3926 Episcopi?
1473 3825 1515 3900 S.
1536 3823 1681 3928 Conpr.

361 3948 508 4019 censuit
527 3947 681 4044 requiri
691 3943 888 4017 licentium
899 3948 1075 4041 quamuis
1087 3943 1290 4016 ordinatos
1304 3947 1356 4015 sit
1372 3942 1548 4044 trdeptus.
1567 3943 1684 4018 Idem-

360 4085 432 4163 que
448 4060 648 4137 resolutum
666 4059 737 4136 fuit
751 4063 790 4138 in
806 4063 928 4161 Senog
942 4060 1052 4135 illien.
1072 4059 1132 4136 25
1149 4061 1259 4136 Iunii
1275 4058 1402 4136 1705.
1431 4063 1521 4136 Nam
1553 4085 1686 4162 propo-

362 4182 432 4258 sito
447 4180 558 4259 dubio
572 4223 610 4236 .-
623 4182 684 4257 An
698 4189 901 4286 impetrato
916 4181 1103 4282 beneficio,
1121 4181 1217 4256 bonu
1229 4189 1271 4257 in
1284 4181 1441 4254 titutum.
1448 4188 1689 4283 patrimonii

363 4308 665 4406 anteassipnoto
678 4303 835 4378 redeant
854 4303 905 4375 ad
915 4307 1164 4405 primaevum
1183 4313 1329 4377 statum
1348 4301 1578 4400 Responsum
1599 4302 1682 4376 fuit:

364 4419 568 4523 Nepotioe.
585 4422 684 4520 Ergo
693 4444 808 4523 quum
822 4421 858 4495 in
869 4421 1033 4496 themate
1045 4418 1219 4522 Episcopi
1236 4423 1420 4494 ‹tecretum
1438 4417 1608 4509 obfuerit,
1624 4445 1688 4521 pe·

367 4565 429 4616 nes
439 4543 646 4647 praedictos
657 4539 870 4618 Sacerdotes
880 4565 984 4614 sacru
999 4537 1222 4638 patrimonia
1239 4562 1387 4612 manere
1401 4537 1592 4612 (licendum
1610 4549 1682 4620 est.
