3622 5240
870 771 1158 854 DEGRFTUM

460 990 533 1066 lam
564 987 655 1064 alias
683 1012 749 1090 per
777 985 1013 1088 Rescriptum
1054 987 1284 1066 Secretariae
1326 987 1502 1067 Brevium
1531 989 1601 1065 diei
1635 989 1684 1064 12

353 1099 450 1174 lunii
501 1094 619 1184 1855,
652 1099 691 1169 et
717 1119 783 1196 per
820 1095 1015 1171 Decretum
1048 1094 1161 1172 huius
1198 1095 1333 1172 Sacrae
1369 1095 1683 1198 Oongregationis

354 1201 598 1302 Indulgentiis
635 1202 831 1301 Sacrisque
868 1199 1054 1302 Reliquiis
1092 1203 1323 1304 praepositae
1350 1202 1423 1279 diei
1465 1199 1516 1278 27
1561 1203 1683 1304 Apri-

354 1312 398 1388 lis
422 1306 523 1386 1865
552 1305 814 1384 Sanctissimae
833 1307 1013 1385 Dominus
1034 1308 1169 1388 Noster
1188 1309 1280 1386 Pius
1298 1309 1379 1386 PP.
1404 1307 1455 1384 lX
1484 1307 1685 1385 clementer

250 1447 257 1462 ·
353 1415 560 1493 indulserat
588 1418 629 1490 ut
659 1412 821 1490 universi
850 1413 1115 1492 Christifideles
1143 1415 1291 1517 aliquod
1318 1414 1396 1490 sive
1425 1413 1567 1514 publice
1604 1415 1684 1490 sive

353 1521 526 1626 privatim
562 1544 711 1618 precum
731 1545 775 1596 ac
794 1522 974 1598 virtutum
1002 1522 1218 1599 exer-citium
1244 1525 1423 1624 peragent
1426 1545 1466 1596 es
1486 1545 1563 1624 per
1585 1527 1686 1596 ιἰιιι-

353 1653 473 1734 pram
492 1650 662 1702 marisam
686 1626 916 1705 Martium
906 1651 945 1704 ιιι
973 1628 1208 1708 honoremS.
1230 1627 1376 1729 losephl
1407 1627 1525 1728 Spons
1526 1626 1604 1703 iB.
1627 1628 1682 1702 M

354 1737 404 1814 V.
437 1733 707 1832 Indulgentiam
736 1733 969 1812 lucrarentur
999 1746 1069 1810 ιιι·
1065 1759 1202 1811 Μιιιιιιιι
1230 1736 1372 1811 alierum
1401 1730 1566 1834 quolibet
1595 1735 1682 1814 die

354 1840 556 2020 plenariam
589 1863 674 1917 vero
703 1838 743 1915 in
771 1865 845 1916 uno
873 1840 1014 1916 dierum
1044 1867 1087 1916 m
1087 1843 1183 1918 ensis
1211 1843 1257 1918 ad
1276 1821 1468 1918 arbitrium
1496 1839 1682 1943 eligente,

353 1973 427 2131 quo
456 1945 611 2022 confessi
638 1951 676 2024 et
659 1947 740 2023 tad
767 1945 806 2024 S.
829 1947 1009 2049 Synaxim
1029 1951 1156 2024 aceede
1161 1953 1241 2024 ntes
1261 1949 1366 2024 iuxta
1394 1952 1551 2023 urentem
1585 1947 1685 2024 San—

407 2053 496 2130 tatis
450 2051 626 2129 tSuae
659 2055 881 2146 oraverint,
914 2079 997 2130 cum
1033 2054 1190 2132 facultt
1150 2059 1262 2130 <tere
1241 2055 1389 2133 easdem
1430 2053 1637 2155 Indulgent
1628 2078 1686 2130 ras

354 2063 607 2263 capplicandi
600 2183 638 2234 m
666 2159 886 2262 suffragium
915 2160 1183 2238 defunctorum

461 2267 555 2344 Cum
585 2290 673 2342 vero
702 2291 779 2344 mos
808 2267 1047 2344 invaluerit
993 2273 1075 2344 lrn
1106 2267 1300 2368 permultis
1329 2263 1516 2342 variarum
1540 2265 1682 2344 dioece-

356 2398 438 2450 sum
457 2370 620 2449 ecclesiis
641 2377 682 2448 ut
700 2373 796 2450 idem
826 2373 1043 2451 exercitium
1071 2401 1094 2450 a
1121 2375 1179 2450 dio
1208 2375 1458 2452 declinasexta
1496 2371 1552 2446 vel
1586 2373 1687 2450 deci-

356 2479 579 2580 maseptima
621 2481 755 2556 mensis
801 2480 993 2557 Februarii
1043 2479 1229 2581 inceptum
1266 2503 1383 2581 usque
1410 2479 1456 2555 ad
1504 2479 1688 2556 decimam

356 2610 491 2664 nonam
512 2585 606 2661 diem
627 2589 816 2686 sequentis
845 2588 981 2663 mensis
1001 2586 1127 2664 Martii
1154 2589 1377 2688 producatur
1395 2591 1432 2660 et
1450 2585 1682 2678 absolvatur,

355 2692 504 2795 quadie
531 2692 681 2791 gloriosi
710 2691 953 2769 Patriarohae
981 2691 1118 2770 festum
1137 2691 1177 2771 in
1196 2695 1369 2771 universa
1387 2691 1554 2770 Ecclesia
1582 2715 1687 2768 reco-

355 2802 460 2890 litur3
491 2798 717 2876 humillimae
741 2825 864 2900 preces
893 2800 1131 2878 Sanctissimo
1159 2800 1317 2878 Domino
1339 2799 1474 2876 Nostro
1495 2797 1688 2875 exhibitae

356 2913 446 2982 sunt
482 2908 667 3007 quatenus
696 2906 881 2984 declarare
917 2908 1090 3007 dignetur
1122 2909 1249 2986 Christ
1232 2905 1390 2984 tifldeles
1418 2907 1483 3024 qui
1514 2903 1574 3007 pio
1602 2903 1690 2980 hu·-

355 3012 512 3089 iusmodi
541 3011 718 3091 exercitio
746 3013 844 3090 infra
863 3013 1068 3115 praefatum
1097 3019 1243 3118 ternpus
1265 3014 1492 3090 vacaverim..
1516 3011 1686 3106 easdem,

355 3121 399 3196 de
426 3121 558 3222 quibus
585 3144 722 3221 supra,
755 3119 1003 3221 lnrlulgentias
1044 3119 1181 3198 lucrari
1222 3143 1341 3222 posse.
1375 3115 1476 3203 ‘duras
1517 3140 1686 3219 preces,

355 3224 522 3302 reserent
505 3231 543 3302 te
561 3251 619 3301 me
637 3223 873 3328 infrascripto
901 3227 1092 3304 Cardinali
1119 3228 1256 3306 Sacrae
1283 3222 1597 3343 congregationis
1626 3221 1692 3299 ln-

355 3333 533 3454 dulgent
510 3357 554 3407 us
595 3333 790 3433 Sacrisque
822 3332 1002 3434 Reliquiis
1044 3336 1276 3436 praepositae
1313 3331 1506 3407 Praeteoto
1485 3329 1589 3406 oin
1624 3353 1692 3406 au·

356 3440 457 3516 dient
457 3440 494 3517 ia
441 3441 584 3517 tdiei
598 3437 625 3514 4
640 3439 833 3516 Februarii
853 3437 966 3536 1877,
981 3441 1205 3518 Sanctitas
1182 3461 1258 3518 cura
1268 3438 1468 3514 cernente·
1483 3436 1685 3537 excipiens,

331 3597 334 3605 ·
356 3549 517 3649 benigne
545 3547 679 3622 annuit
706 3569 773 3648 pro
801 3547 937 3648 gratia,
969 3543 1475 3646 servatainreliquislorma
1495 3549 1690 3620 antenore

356 3655 653 3755 praecedentium
674 3654 966 3731 concessionum.
988 3653 1182 3732 Praesenti
1218 3653 1258 3728 in
1278 3657 1496 3754 perpetuum
1525 3649 1692 3726 valituro

356 3758 601 3861 a'hsque'ulla
631 3759 764 3836 Brevis
792 3759 1038 3860 expeditione.
1061 3758 1269 3838 Contrariis
1294 3761 1584 3861 quibuscumque
1614 3779 1689 3831 non

357 3865 607 3944 obstantibus.

466 3973 601 4048 Datum
633 3973 777 4050 Rornae
806 3997 852 4049 ex
882 3973 1089 4052 Secretaria
1125 3973 1288 4052 eiusdem
1325 3970 1460 4050 Sacrae
1496 3968 1687 4073 Congreg.

359 4077 417 4156 die
436 4077 464 4154 4
486 4079 676 4154 Februarii
704 4078 817 4158 1877.

573 4239 635 4318 nl.
658 4243 771 4320 Oard.
798 4241 967 4322 Oaaomu
996 4273 1015 4318 ι
1048 4241 1088 4319 S.
1112 4241 1313 4318 Srnanauo
1340 4234 1468 4314 Praei.

1072 4399 1148 4474 Pro
1168 4396 1218 4472 R.
1238 4395 1286 4471 P.
1305 4395 1350 4470 D.
1370 4390 1577 4470 Secretario

1020 4501 1236 4582 Dominicus
1264 4501 1378 4580 Sarra
1407 4497 1642 4576 Substitutus
