3622 5232
173 993 445 1047 tomunrtorles
472 977 725 1046 EPISCOPORUM
754 992 800 1044 ΕΤ
829 990 1085 1046 uccnmslnttutt
1104 993 1390 1048 omsomerlortltfl

530 1114 659 1178 QUIBUS
686 1113 780 1170 SUNT
806 1115 1025 1172 Punuposm

271 1351 335 1416 oie
358 1351 400 1412 12
421 1352 544 1412 Martis·
567 1349 652 1412 187⁷

190 1552 456 1632 sanctissimus
483 1553 523 1630 in
552 1551 783 1632 Concistorio
810 1552 939 1630 habito
966 1553 1024 1632 die
1054 1553 1106 1630 26
1133 1556 1230 1634 lunii
1264 1553 1365 1632 teto
1384 1581 1433 1634 se·

122 1687 266 1780 quantes
294 1677 486 1781 proposuit
512 1678 701 1755 ecclesias:
732 1675 793 1781 (l)

157 1893 595 1958 Garnnuaacnullcocnsran
611 1892 745 1954 Parrus.
802 1887 898 1956 brosii
923 1891 1107 1979 evulgandis
1134 1892 1312 1983 theologica
1337 1906 1369 1960 et
1392 1893 1439 1960 hi·

115 2019 216 2066 cacan.
242 2016 303 2085 per
325 1999 560 2064 translationem
585 2001 748 2064 Reveren·
798 1997 912 2063 storica
936 1999 1117 2065 eruditione
1142 2000 1268 2067 effulsit.

114 2107 142 2172 di
182 2105 278 2172 Patris
313 2105 435 2172 Domini
479 2105 588 2172 Lucidi
630 2107 743 2172 llariae
865 2107 957 2191 Papia
986 2107 1113 2192 antiqua
1137 2118 1170 2173 et
1195 2109 1328 2178 ceraunis
1351 2111 1437 2175 lnsu·

113 2211 256 2280 Parocclti
295 2213 335 2280 ad
372 2213 649 2299 metropolitanam
694 2231 746 2278 se·
800 2209 887 2276 briae
904 2210 1011 2276 civitas
1035 2211 1067 2280 in
1093 2213 1438 2302 longobardo-Veneto

110 2318 184 2386 dem
230 2320 489 2399 Bononiensem,
527 2321 745 2387 sanctissimus
799 2317 884 2402 apud
919 2317 1061 2385 Ticinum
1098 2319 1215 2386 flumen
1248 2322 1279 2386 in
1309 2321 1438 2406 planitie

108 2427 218 2494 evexit
236 2425 276 2492 ad
292 2428 422 2493 relatam
447 2429 616 2494 Ecclesiam
642 2431 745 2495 Reve-
799 2421 982 2504 aedificata,
1008 2427 1041 2491 in
1064 2446 1121 2493 suo
1152 2437 1289 2514 quatuor
1312 2429 1439 2492 circiter

108 2533 245 2600 rendum
273 2535 443 2602 Dominum
468 2534 678 2624 Augustinum
693 2535 746 2602 lli·
799 2531 981 2598 milliarium
1005 2533 1125 2600 ambitu
1149 2545 1220 2600 octo
1244 2537 1331 2600 mille
1353 2556 1437 2622 pene

108 2639 195 2708 boldi
218 2660 258 2707 ex
281 2641 456 2732 legitimis,
481 2641 662 2720 catholicis,
688 2641 747 2708 lto-
799 2640 941 2704 continet
963 2640 1087 2717 d⁰ffl082
1106 2651 1138 2707 θῑ
1156 2643 1194 2707 ἰὼ
1219 2643 1299 2708 uilla
1323 2643 1438 2732 viginti

104 2751 270 2835 uestisque
310 2751 492 2836 parentibus
530 2749 562 2816 in
599 2752 744 2837 paroecia
799 2745 1422 2830 quinquemillibusinhabitaturincolis

105 2853 238 2922 eademi
268 2853 508 2922 Mediolanensis
540 2857 743 2943 progenitum
866 2851 1314 2919 datnedratisnaclesiassnac
1332 2857 1424 2944 Virgi-

103 2981 139 3024 ac
165 2960 363 3049 trigesimum
381 2972 527 3026 octavum
544 2963 653 3027 aetatis
668 2980 742 3027 suae
798 2955 847 3022 nis
872 2955 982 3022 llariae
1006 2959 1039 3023 in
1063 2959 1188 3024 coelum
1203 2961 1389 3046 assumptae
1402 2984 1425 3026 au

101 3087 223 3134 cinnum
261 3085 514 3154 supergressum.
545 3071 638 3136 Sacro
671 3071 745 3133 Pre-
799 3065 830 3132 S.
843 3063 994 3150 Stephani
1005 3068 1357 3153 Proto-llartyristitulo
1370 3069 1423 3156 glo

100 3175 282 3258 sbyteratus
294 3171 407 3239 ordine
424 3173 546 3240 dudum
564 3175 742 3263 insignitus,
799 3169 1336 3259 riatur-‚magnificantemnondun
1348 3175 1429 3240 abso

103 3283 136 3348 in
161 3280 378 3348 ecclesiasticis
394 3280 610 3348 lunctionibus
623 3281 745 3348 obeun-
797 3279 899 3345 lutum
913 3293 1048 3367 praestat
1060 3281 1252 3359 aedilicium,
1268 3293 1362 3368 atque
1376 3287 1430 3347 lle·

100 3387 151 3454 dis
190 3407 259 3454 sese
293 3385 493 3454 laudabiliter
527 3388 680 3453 exercuit.
708 3391 743 3454 ln
797 3383 1433 3476 diolanensiArchiepiscoposullragatur.

98 3493 274 3559 seminario
291 3492 500 3560 llodoetiensi
525 3492 656 3562 clericos
679 3515 744 3562 ma·
863 3496 938 3559 llius
955 3495 1136 3581 Capitulum
1157 3495 1299 3580 quinque
1326 3513 1434 3559 rocen-

101 3599 219 3664 tlresim
245 3597 392 3677 edocuit,
417 3609 513 3684 atque
536 3599 687 3666 scientiae
707 3599 744 3667 li·
795 3611 844 3668 set
868 3602 1053 3692 dignitates,
1079 3621 1210 3687 quarum
1235 3613 1306 3689 post
1331 3605 1435 3690 ponti·

97 3708 198 3783 sicae,
213 3715 245 3770 et
256 3703 744 3792 matheseosllucusquetraden·
796 3706 917 3776 dealem
952 3708 1054 3796 prima
1091 3711 1335 3795 Praepositum,
1364 3721 1434 3776 octo

98 3813 160 3878 dae
178 3812 339 3898 impendit
354 3831 494 3901 operam.
515 3813 607 3880 Plura
626 3817 741 3902 scripta
796 3837 868 3882 cum
915 3817 1065 3906 theologo
1111 3837 1144 3882 ac
1184 3815 1432 3902 poenitentiario

98 3919 187 4007 typis
199 3917 313 3996 edidit3
332 3921 365 3984 in
381 3921 565 3988 intentione
580 3943 740 3990 sacrorum
797 3923 1004 4001 eanonicus,
1047 3923 1194 3989 undecim
1234 3925 1436 4010 Capellanos·

96 4045 275 4112 corporum
289 4027 458 4106 Ambrosii,
473 4027 609 4095 Gerrasii
623 4033 741 4095 acl'ro·
796 4027 958 4108 Chorales,
984 4047 1023 4093 ex
1048 4027 1163 4113 quibus
1187 4037 1326 4115 quatuor
1350 4033 1435 4097 llan-

98 4135 166 4199 tasii
205 4131 382 4218 plurimum
412 4132 605 4202 adlaboravit
640 4136 670 4200 in
694 4157 742 4202 sa·
793 4137 918 4201 sinnarii
938 4135 1098 4212 dicuutur,
1119 4134 1198 4202 duos
1222 4136 1297 4202 item
1324 4141 1436 4222 Caper·

96 4258 227 4306 orarum
254 4239 442 4305 exuviarum
478 4241 643 4308 identitate
666 4261 740 4328 pro·
795 4244 928 4319 lanos,et
940 4243 1143 4309 sexClericos
1160 4243 1274 4309 divinis
1288 4243 1431 4328 quotidie

96 4343 231 4422 banda,
254 4355 351 4431 atque
377 4344 409 4413 in
433 4346 583 4434 operibus
607 4351 640 4417 S.
667 4351 741 4413 tm·
796 4349 1017 4428 inservientes.

161 4479 202 4540 (1)
215 4479 290 4528 Altus
305 4479 420 4528 eiusdem
435 4479 485 4527 niel
501 4481 687 4529 nominationes
703 4485 755 4530 lunt
764 4481 900 4530 astullmus
911 4481 1072 4540 praecedenti
1084 4481 1207 4530 lancicula
1218 4493 1277 4540 pne.
1290 4484 1319 4530 tt
1328 4485 1432 4542 etstan.

164 4559 245 4621 Acta,
263 4555 333 4608 Yon.
353 4557 385 4606 Ζ.
403 4555 473 4608 foce.
487 4556 561 4610 011
1295 4562 1311 4611 1
