3622 5232
365 236 427 318 tid
828 261 989 321 canoncie
1014 263 1232 320 rnsrttnrrottts

442 369 587 446 Rennit
627 379 878 446 verumtamen
924 369 1128 472 Episcopus
1175 367 1447 446 institutionem
1495 361 1698 444 concedere

362 493 492 570 Ioanni
522 495 566 570 G.
599 496 811 571 inidoneum
842 501 1018 596 reputans
1046 492 1090 569 ad
1119 492 1280 570 officium
1316 494 1481 594 parochi.
1516 492 1698 580 Quinirno

365 637 498 689 novum
529 615 762 689 candidatum
794 615 1026 692 Sacerdotem
1057 613 1211 687 Petrum
1242 611 1287 686 P.
1320 614 1497 690 Patronis
1526 613 1701 689 Alexan-

365 733 466 808 drum
496 733 541 808 G.
576 733 692 834 (nunc
722 736 797 808 vita
825 731 1010 837 functum)
1039 733 1319 810 nominantibus
1357 733 1549 834 proposuit
1588 757 1699 832 prae·

365 853 597 928 sentandurn.
632 853 833 930 Nonnnltos
862 879 906 927 ex
935 851 1008 928 illis
1037 851 1153 950 ipsius
1181 859 1310 928 votum
1342 849 1547 926 confovisse
1575 851 1615 926 S.
1647 848 1695 927 G.

365 971 658 1075 Congregationi
688 973 820 1050 exinde
848 973 977 1049 retulit
1000 997 1009 1064 ;
1039 975 1078 1049 et
1104 971 1275 1072 quamvis
1300 969 1453 1048 Ioannis
1481 971 1526 1048 G.
1566 977 1701 1045 contra

364 1116 481 1169 novas
512 1093 784 1169 nominationes
813 1094 1078 1194 oppositionem
1107 1091 1296 1182 obiiceret,
1320 1115 1417 1192 quae
1445 1090 1548 1167 audit
1581 1083 1702 1167 Nr'lrr'l

366 1223 545 1290 transcat
575 1211 633 1314 (l)
662 1212 907 1290 nibilominus
936 1237 1049 1312 quum
1082 1210 1355 1288 nominationes
1384 1210 1504 1313 ipsius
1535 1217 1700 1286 nondum

366 1331 523 1408 fuissent
550 1334 738 1409 discussae
767 1334 864 1433 apud
892 1334 931 1411 S.
963 1334 1006 1411 O.
1039 1333 1082 1412 O.
1116 1339 1154 1406 et
1169 1356 1280 1431 quum
1303 1355 1401 1407 nova
1425 1329 1702 1406 intercessisset

366 1451 563 1532 sacerdotis
592 1451 694 1526 Petri
726 1449 772 1527 P.
806 1450 1063 1550 praesentatio.
1097 1454 1285 1525 assuetum
1315 1448 1533 1550 rescriptum
1554 1449 1701 1525 editurn

366 1568 440 1645 fuit
459 1581 635 1673 ponatur
664 1577 707 1646 in
732 1572 831 1673 folio
849 1599 866 1661 ;
898 1575 938 1646 ut
964 1570 1145 1671 quaestio,
1179 1568 1297 1670 plenis
1325 1567 1514 1661 comitiis,
1546 1571 1585 1646 et
1613 1593 1700 1644 oum

366 1688 557 1767 dubitandi
587 1689 747 1768 formula
775 1693 813 1765 in
843 1691 942 1767 calce
969 1691 1157 1792 exposita,
1190 1690 1439 1768 dirimeretur.

789 1885 1036 1952 ”inceptum
1057 1889 1282 1952 synieptteo.

447 2045 637 2121 Dnnnnsro
664 2041 816 2118 lonnnrs
844 2041 889 2118 G.
924 2038 1099 2118 Defensio
1128 2039 1288 2115 oratoris
1315 2036 1463 2114 Ioannis
1482 2039 1528 2116 G.
1551 2036 1705 2142 triptici

367 2162 509 2240 directa
532 2161 604 2236 init
631 2159 786 2235 obiecto:
811 2165 943 2260 primo
965 2160 1007 2232 ut
1033 2159 1244 2232 ostenderet
1273 2157 1415 2256 plenam
1446 2157 1704 2256 potioritatenr

368 2307 504 2362 vocum
536 2307 602 2358 suo
645 2280 771 2358 clienti
800 2305 889 2380 prae
915 2279 1103 2354 sacerdote
1124 2281 1236 2354 Petro
1257 2277 1302 2352 Ρ.
1335 2274 1546 2376 suffragari3
1569 2301 1706 2378 secun-¹
1802 2275 1803 2278 ’

369 2406 414 2480 do
463 2405 504 2479 ut
540 2404 809 2478 demonstraret
838 2399 1174 2501 praesentationem
1203 2397 1306 2475 Petri
1343 2399 1386 2474 P.
1416 2421 1496 2472 esse
1538 2403 1710 2473 attenta·
1802 2475 1803 2482 χ

369 2529 449 2602 tarn
482 2527 521 2598 et
547 2522 709 2614 irritam,
740 2527 852 2619 atque
879 2519 1014 2595 idcirco
1042 2517 1298 2608 reiiciendam;
1328 2525 1441 2593 tertio
1463 2524 1503 2592 ut
1522 2516 1710 2593 idoneita-

370 2647 445 2720 tem
479 2641 627 2719 Ioannis
645 2641 690 2718 G.
713 2643 839 2718 contra
872 2633 1135 2742 imputationes
1161 2636 1279 2713 eidem
1308 2637 1517 2713 contrarias
1548 2638 1594 2712 ab
1615 2636 1712 2739 Epi-

372 2785 482 2863 scopo
500 2763 538 2838 in
558 2761 599 2838 S.
622 2759 666 2838 O.
688 2759 733 2839 O.
765 2760 881 2836 factas
909 2759 1136 2834 obfirmaret.

451 2881 504 2960 nt
528 2883 647 2984 quoad
676 2881 835 2982 primurn
865 2879 1065 2971 obiectum,
1095 2877 1330 2978 praemonuit
1358 2875 1537 2965 defensor,
1561 2897 1609 2949 ex
1629 2873 1706 2950 hoc
1802 2873 1803 2966 t

373 3003 604 3106 potissimum
634 3000 885 3102 quaestionem
915 3023 962 3074 ex
990 2997 1174 3100 prioribus
1204 2997 1261 3072 rel
1291 2997 1382 3096 ipsis
1426 2997 1704 3096 praesentatio-

372 3124 480 3200 nibus
509 3120 736 3209 efferbuisse,
769 3121 858 3219 quia
886 3143 952 3196 nec
979 3143 1107 3195 ornnes
1138 3117 1282 3218 patroni
1312 3117 1484 3193 loannem
1515 3115 1561 3188 G.
1604 3137 1700 3189 con·

374 3245 538 3320 foventes
579 3243 621 3317 ad
664 3242 931 3318 nominandum
973 3240 1123 3317 admissi
1167 3246 1281 3331 sunt;
1326 3263 1394 3317 nco
1433 3235 1700 3336 suffragiorum
1802 3301 1803 3304 ,

373 3359 601 3460 computatio
629 3360 674 3434 ad
704 3381 871 3434 normam
900 3355 992 3433 iuris
1020 3382 1043 3432 a
1070 3357 1221 3433 Vicario
1249 3354 1456 3456 Capitulari
1487 3356 1535 3429 V.
1579 3351 1706 3428 fuerat

374 3481 578 3570 instituta;
609 3479 705 3555 nnde
733 3479 934 3555 necessitas
962 3477 1111 3578 exurgit
1138 3484 1181 3554 ut
1207 3474 1436 3576 computatio
1465 3476 1637 3548 votorum
1664 3471 1705 3546 in

374 3625 440 3677 suo
469 3599 599 3676 ordine
627 3599 862 3691 restituatur,
895 3601 1008 3699 atque
1036 3597 1235 3697 unicuique
1262 3602 1417 3698 patrono
1446 3619 1514 3670 sua
1552 3592 1708 3692 quanti-

373 3728 432 3796 tas
461 3721 560 3798 vocis
587 3722 828 3798 attribuatur.
852 3719 1172 3823 Oomputationem
1193 3720 1360 3793 votorum
1383 3713 1530 3790 nonnisi
1553 3713 1590 3786 in
1611 3717 1707 3787 stir-

368 3867 440 3946 pes
477 3841 743 3918 instituendam
778 3864 857 3916 esse
890 3840 967 3941 ipse
1004 3837 1174 3914 defensor
1205 3835 1407 3912 contendit.
1433 3833 1639 3908 Praemisit
1667 3831 1707 3908 in

374 3961 486 4055 factn,
504 3961 734 4042 controverti
753 3961 794 4036 in
808 3958 879 4036 hoc
898 3957 1089 4036 iudiciode
1110 3957 1410 4058 iurepatronatns
1429 3979 1520 4056 pure
1541 3979 1583 4028 ac
1614 3952 1708 4028 sim-

376 4082 521 4185 pliciter
535 4081 798 4174 haereditario;
812 4083 924 4181 atque
939 4077 1010 4155 hoc
1024 4077 1294 4154 demonstravit
1312 4100 1357 4150 ex
1372 4074 1516 4151 cunctis
1532 4097 1709 4173 praesen-

376 4201 592 4291 tationibus,
616 4225 710 4300 quae
738 4201 783 4276 ab
812 4224 909 4276 anno
933 4193 1254 4274 iterabamus
1282 4193 1380 4269 1835
1398 4194 1705 4270 intercesserunt.

375 4321 641 4399 Deficientibus
668 4323 765 4396 enim
793 4319 931 4396 tabulis
960 4317 1197 4404 fundationis,
1231 4319 1382 4404 natura,
1415 4313 1513 4390 haud
1542 4313 1711 4388 diversi-

379 4444 484 4521 mode
514 4442 560 4520 ab
593 4439 824 4528 existentia,
857 4439 1170 4540 iurispatrouatus
1207 4431 1415 4509 ostenditur
1442 4431 1552 4507 etiam
1602 4430 1712 4507 iuxta

429 4613 471 4691 (t)
490 4617 562 4669 vide
581 4617 645 4669 Vol.
662 4613 712 4666 tx.
736 4629 800 4680 pag.
815 4612 877 4667 558.
899 4614 928 4663 st
950 4611 1023 4678 qued
1043 4609 1187 4676 significet
1212 4608 1300 4662 dictio
1322 4607 1427 4658 anteit
1453 4613 1601 4657 transeat»
1622 4606 1713 4660 habe·

384 4707 430 4766 bin
449 4708 478 4758 in
499 4711 567 4759 nota
586 4707 615 4758 in
636 4705 712 4758 calce
730 4703 846 4776 paginis
865 4701 971 4776 posita.
