3622 5232
353 213 400 284 88
933 241 1131 292 (aerummis

357 345 448 412 estc.
469 364 489 410 >
509 333 742 414 Clementina
760 344 854 440 qnia
875 346 1038 444 cirrrttpit
1056 341 1102 416 de
1121 342 1237 446 rotip.
1261 344 1405 422 dornib.
1428 347 1580 426 Nearti.
1604 349 1680 429 22.

357 483 389 534 o.
420 455 463 537 2.
494 482 588 559 quae
615 456 669 534 sic
695 483 734 534 se
774 456 979 560 exprimit:
1024 462 1205 564 disponat
1249 473 1520 570 unusquisqne
1565 496 1685 574 saper

357 583 444 658 suis
471 588 516 655 nt
550 577 733 682 dipnnm,
755 587 790 653 et
816 585 867 655 sit
895 580 959 654 ten
986 589 1069 655 eins
1097 584 1289 660 voluntas.
1323 588 1370 663 ut
1396 588 1480 689 ipsa
1509 591 1547 668 S.
1583 592 1686 670 Ocn-

359 699 421 778 cili
447 697 696 802 congregatio
727 703 887 777 niaximo
923 697 962 774 in
1008 701 1128 802 pretio
1169 728 1316 807 semper
1357 707 1489 786 habuit
1532 710 1685 788 ultimas

360 823 581 896 testatorum
611 815 851 912 voluntates,
881 841 1016 918 easque
1043 825 1170 897 sancte
1199 827 1239 898 et
1275 823 1447 924 religiose
1484 834 1685 909 servandas

360 937 492 1031 voluit,
524 938 740 1040 praesertim
769 935 802 1014 si
829 937 995 1015 divinum
1024 939 1162 1017 cultum
1191 942 1449 1042 respicerent,
1482 949 1539 1024 uti
1582 949 1688 1026 colli·

359 1061 461 1166 gitur
488 1085 533 1138 ex
562 1083 702 1138 canone
728 1060 872 1138 ultima
900 1063 1082 1136 ootiantns
1109 1088 1217 1139 cons.
1250 1061 1322 1140 13.
1346 1092 1382 1167 q.
1405 1065 1447 1143 2.
1477 1068 1687 1150 admonere

361 1209 392 1258 c.
427 1179 499 1258 11.
531 1207 564 1282 q.
595 1177 636 1255 1.
669 1189 705 1256 et
731 1178 779 1256 L.
805 1177 845 1254 1.
873 1177 963 1254 Cod.
986 1180 1031 1254 ric
1069 1179 1222 1258 Sacros,
1259 1181 1362 1260 Ecct.
1397 1211 1416 1254 a
1445 1183 1593 1264 Ultima
1621 1214 1687 1265 00.

361 1303 493 1378 tuntcs
522 1299 712 1399 defuncti,
744 1298 867 1374 niudis
894 1299 1074 1374 omnibns
1103 1309 1328 1378 conseruari
1360 1304 1521 1382 debet.»

442 1419 545 1509 Quod
576 1420 613 1496 in
640 1418 804 1495 themate
831 1423 966 1517 matur
992 1421 1037 1496 de
1065 1418 1435 1500 voluntatedivinum
1456 1427 1595 1504 cultum
1624 1455 1687 1506 re-

362 1541 539 1646 spiciente
564 1539 691 1642 quivis
718 1539 920 1640 conspicit,
952 1540 1036 1616 dum
1065 1545 1200 1640 agatur
1226 1543 1270 1618 de
1297 1543 1533 1644 capellaniae
1559 1572 1690 1650 perpe-

362 1663 496 1739 tuitate
524 1659 789 1752 confirmanda,
812 1680 907 1758 quae
929 1658 1124 1736 Missurum
1144 1683 1238 1736 onus
1256 1660 1555 1742 celebrandarum
1574 1668 1689 1743 adne-

294 1839 297 1846 «
362 1809 449 1862 xum
479 1783 603 1860 habet.
635 1779 745 1858 Onini
773 1778 890 1878 igitur
917 1803 1006 1855 cura
1041 1780 1122 1856 eius
1162 1783 1433 1858 conservationi
1462 1790 1519 1860 cst
1555 1810 1691 1863 oonsu-

363 1903 539 1988 lendnm‚
573 1923 637 1976 ceu
668 1901 794 1973 inonet
835 1898 970 1980 Bened.
1015 1895 1117 1974 xlv.
1160 1900 1206 1975 do
1250 1899 1406 2000 Synodo
1448 1901 1689 1982 Dioeoesunu

364 2025 451 2120 [Lib.
483 2019 554 2098 13.
592 2017 682 2124 Cap]
717 2021 789 2095 ult.
820 2044 930 2094 nnsis.
961 2015 1035 2097 23.
1077 2017 1120 2094 In
1148 2019 1262 2097 citato
1290 2023 1388 2099 enim
1430 2022 1509 2102 loco
1549 2029 1691 2105 evincit

364 2145 459 2246 quod
487 2167 581 2220 onus
608 2141 808 2217 Missarum
837 2139 1015 2240 praeferri
1046 2141 1176 2215 delicat
1194 2141 1368 2219 oneribus
1395 2142 1482 2220 aliis
1501 2169 1584 2222 cum
1599 2173 1690 2248 aga-

364 2273 427 2341 tur
453 2265 498 2340 de
525 2263 733 2339 eorumdem
763 2259 1044 2335 conservatione
1076 2261 1209 2334 «ihi»
1245 2263 1355 2347 Ociod
1380 2270 1419 2340 st
1446 2266 1581 2368 utiquo
1594 2293 1691 2370 pro·

361 2397 573 2488 poneretur
600 2385 819 2485 dispositio,
837 2405 934 2482 quite
962 2383 1082 2458 sinuit
1110 2395 1142 2456 ct
1164 2383 1383 2461 Missurum
1403 2413 1520 2462 onera
1541 2398 1576 2464 et
1592 2391 1689 2464 etae-

365 2531 622 2610 mosynorum
650 2504 977 2586 distributionem,
1008 2504 1135 2577 oliano
1155 2511 1227 2606 pia
1255 2531 1371 2606 opera
1399 2509 1695 2611 comprehende-

367 2639 434 2716 ret,
468 2636 502 2702 ct
529 2623 682 2726 qnidam
709 2623 752 2697 ob
781 2621 979 2697 raditnnrn
1005 2628 1233 2698 tciiiittntnn
1259 2632 1525 2702 necessarium
1549 2628 1696 2728 dinno-

365 2756 534 2823 scorctnr
561 2741 613 2818 nd
638 2741 816 2842 aliquant
843 2746 1111 2840 impositorum
1140 2767 1304 2818 onerum
1330 2745 1591 2822 reductionem
1627 2747 1695 2822 de·

365 2874 512 2951 oeriirc,
542 2863 759 2938 redamando
779 2865 912 2960 potiris
949 2871 1042 2936 snnt
1069 2861 1223 2964 reliqna
1264 2886 1408 2948 onera,
1436 2887 1516 2938 non
1560 2877 1695 2942 aaran

367 2989 586 3064 Missurum
613 3003 816 3058 numeras.
843 3009 861 3048 »
891 2976 961 3054 Oui
989 3003 1150 3056 consona
1178 2989 1266 3055 sunt
1292 2981 1330 3054 S.
1362 2979 1405 3057 C.
1423 2981 1694 3084 Congregatio-

366 3107 426 3184 nis
455 3127 645 3204 responsa,
677 3123 742 3178 ceu
772 3098 961 3200 perlegere
988 3097 1114 3174 dotum
1155 3101 1215 3173 est
1255 3099 1292 3172 in
1330 3099 1498 3176 Nullius
1544 3099 1696 3177 Montis

374 3227 555 3330 Vir-pinis
583 3221 839 3298 Reductioais
870 3216 1031 3294 Serrritii
1064 3217 1181 3292 cnon·
1211 3229 1244 3289 rt
1273 3219 1495 3296 Missurum
1536 3218 1593 3295 14
1625 3219 1695 3296 Ju-

366 3354 427 3422 nii
457 3341 591 3432 182&
621 3349 663 3415 in
689 3339 926 3418 Burrenuten.
960 3335 1210 3413 Hedintionis
1242 3339 1460 3416 Missurum
1487 3337 1545 3415 29
1594 3339 1696 3416 Maii

367 3464 488 3545 1822
516 3466 554 3540 et
581 3463 619 3537 in
648 3457 843 3536 Tolentina
876 3453 1200 3534 Contractutionis
1236 3457 1453 3534 Votnntatis
1481 3455 1544 3537 22
1569 3458 1692 3563 Apri-

367 3590 417 3662 tis
446 3583 584 3666 1826,
611 3585 649 3656 et
675 3581 715 3656 in
744 3576 827 3654 aliis
853 3577 1151 3680 quamplurimis.
1185 3579 1311 3676 ltaque
1340 3576 1418 3652 sire
1447 3601 1550 3654 inens
1578 3581 1693 3654 testa-

365 3709 471 3791 toris,
505 3704 583 3780 sive
611 3701 670 3778 ius
697 3721 889 3774 commune
917 3697 1142 3786 consulatur,
1177 3703 1319 3772 scatere
1349 3697 1495 3786 videtur
1521 3695 1695 3798 Capella·

367 3826 450 3901 niae
479 3821 764 3924 perpetuitatem
792 3816 1080 3896 conservandam
1109 3838 1220 3906 esse,
1253 3814 1405 3914 eiusque
1434 3814 1529 3889 bona
1556 3814 1694 3892 Missa-

367 3969 446 4020 rnm
476 3939 626 4017 vinculo
653 3945 841 4037 tamquam
872 3934 1006 4010 affinia
1034 3957 1106 4010 non
1136 3957 1241 4034 posse
1268 3935 1315 4009 ah
1343 3933 1500 4010 haerede
1529 3957 1596 4035 pro
1625 3959 1694 4011 suo

366 4063 521 4140 arbitrio
549 4054 722 4148 distrahi,
747 4054 805 4132 vel
832 4053 987 4130 alienari
1016 4052 1105 4154 quin
1136 4052 1174 4126 in
1194 4051 1375 4128 salutares
1397 4050 1585 4128 Ecclesiae
1608 4079 1694 4155 poe·

368 4203 432 4256 nas
464 4179 615 4256 incidat.

447 4299 574 4387 Quoad
604 4297 801 4374 secundum
830 4295 978 4372 duhium
1009 4297 1194 4394 responsio
1223 4315 1267 4368 ex
1295 4291 1404 4368 dictis
1432 4293 1615 4396 profluere
1635 4295 1693 4369 vi-

365 4425 500 4517 detur;
530 4449 615 4500 nam
647 4421 704 4499 vel
734 4424 829 4498 hona
856 4419 1096 4522 Capelianiae
1123 4421 1244 4494 dotem
1274 4417 1540 4493 constituentia
1577 4416 1695 4494 libera

366 4547 412 4620 ah
440 4542 542 4622 omni
568 4566 679 4620 onere
706 4556 744 4620 et
775 4543 920 4618 vincalo
948 4543 991 4616 al
1023 4540 1214 4616 haeredem
1243 4547 1505 4640 pervenerunt,
1538 4545 1576 4612 et
1607 4543 1694 4616 tunc
