3670 5222
593 215 634 266 sx
657 215 782 266 innisus
806 213 960 266 ruriconis
994 187 997 216 '
1385 189 1447 262 109

127 317 208 394 deri
234 341 338 394 esser
372 320 502 419 questo
530 341 580 393 un
609 318 723 395 ebuso
755 314 1013 410 intollerabile,
1038 311 1202 417 punibile
1231 336 1301 392 oon
1319 310 1345 388 il
1365 335 1444 388 oar-

126 461 202 514 oere
232 463 252 514 e
280 461 350 513 oon
378 436 600 540 gravissime
620 436 747 515 multe.
770 433 825 514 iil
846 441 880 525 ὸ,
904 445 1048 513 mentre
1066 435 1098 512 si
1118 431 1364 512 manifestano
1383 432 1447 508 leli

125 554 372 659 disposiaioni‚
398 556 466 635 ohe
496 556 673 634 vorrebbe
702 553 759 633 lar
788 557 938 634 eredere
973 552 1047 633 ella
1081 554 1247 632 essoluie
1282 553 1453 654 indipen·

127 676 235 752 denna
261 675 321 754 del
348 675 499 754 Sommo
526 674 716 754 Ponlefioe
744 701 764 752 e
791 675 857 752 der
884 697 974 778 peso
1001 701 1024 752 a
1051 673 1274 752 concessioni
1305 673 1373 750 ohe
1392 672 1453 749 di-

125 797 222 872 oonsi
251 793 346 872 felle
374 794 446 873 alla
482 791 619 873 Ghiesa
658 795 720 873 dal
763 789 1026 872 Parlamenlo!
1057 792 1086 870 Il
1127 789 1390 895 Guerdasigilli
1419 792 1453 870 si

126 914 269 1017 appella
287 914 325 992 al
343 915 441 992 buon
468 939 576 993 senso
603 914 789 1018 pubblioo;
811 939 870 992 ma
898 915 1046 992 sembra
1072 939 1138 1016 per
1167 913 1287 990 veriti
1313 915 1380 991 ohe
1415 913 1455 989 in

126 1040 256 1136 questo
284 1059 358 1126 non
386 1035 418 1112 si
447 1034 546 1114 affidi
583 1034 804 1137 grausello,
828 1033 960 1138 poiche
979 1035 1236 1137 permetiendo
1256 1033 1458 1114 solamente

127 1153 305 1233 ialteaoo
331 1178 353 1232 e
379 1154 556 1234 violando
592 1154 629 1234 le
656 1153 787 1247 siresa,
819 1154 846 1232 il
875 1179 942 1233 suo
975 1152 1119 1259 appello
1155 1153 1347 1234 addiviene
1384 1179 1459 1234 unu

127 1274 322 1354 derisione.

204 1396 252 1474 Se
279 1417 354 1474 non
381 1391 466 1488 ohe,
495 1390 523 1472 il
550 1394 628 1473 solo
653 1391 748 1471 lelio
774 1394 810 1471 di
840 1417 890 1470 un
919 1392 1095 1472 Ministro
1121 1392 1190 1472 ohe
1217 1392 1256 1472 in
1284 1419 1460 1498 possenna

127 1513 160 1590 di
191 1539 243 1594 un
283 1515 446 1594 discorso
487 1515 730 1616 pronunziaio
770 1513 1044 1592 solennemenie
1084 1515 1355 1594 dall’Auloriie
1396 1517 1460 1618 pin

130 1635 302 1738 Augusta
328 1635 506 1712 esislenie
533 1632 629 1710 sulla
656 1641 772 1726 terra,
794 1633 909 1710 lasoia
936 1635 982 1712 de
1007 1639 1115 1737 perte
1135 1637 1148 1712 i
1167 1634 1252 1714 iasii
1271 1637 1459 1716 enunoiali

129 1779 232 1832 oome
258 1756 478 1834 alsatiense
505 1753 666 1854 ingiurie
695 1752 794 1833 onde
822 1751 1160 1850 lossensium,
1189 1782 1211 1834 e
1238 1756 1460 1835 chiamnndo

129 1877 165 1950 in
193 1883 295 1952 cerlo
325 1875 433 1952 modo
460 1873 610 1952 innanzi
642 1899 664 1950 a
691 1879 729 1950 se
757 1883 887 1975 queste
914 1872 1105 1964 notoriis,
1142 1899 1212 1954 oon
1245 1876 1460 1979 linguaggio

129 1995 305 2072 cavilloso
333 2019 355 2070 e
383 1996 454 2072 ben
480 1993 628 2072 diverso
655 1997 703 2073 du
730 1991 854 2096 quello
881 1993 940 2071 oui
968 1993 1057 2072 vuol
1086 1995 1301 2095 rispondere
1328 1997 1359 2072 si
1391 1997 1461 2075 dif-

129 2114 239 2192 londe
267 2113 471 2191 solamente
497 2139 523 2192 a
547 2113 727 2192 iaooiarla
752 2114 790 2192 di
824 2112 991 2192 violenze
1028 2138 1050 2190 e
1085 2115 1123 2192 di
1159 2117 1402 2195 eocitamento
1438 2141 1462 2196 a

130 2233 277 2328 rivolta,
315 2233 502 2338 egiunge
529 2235 680 2337 porsino
706 2259 730 2313 a
756 2233 1045 2338 simproverarle
1071 2237 1108 2312 di
1135 2261 1225 2312 aver
1252 2261 1374 2315 mosso
1406 2238 1462 2316 ln·

128 2535 382 2625 tolerabilem,
397 2564 551 2618 earcere
564 2540 731 2644 aliisque
745 2546 999 2645 pravissimis
1011 2551 1145 2646 poenis
1174 2547 1457 2626 mulctandum.

128 2656 281 2734 Interea
295 2683 403 2744 vero,
417 2663 508 2740 istis
522 2663 661 2739 mediis
674 2662 1005 2765 dispositionibus,
1015 2663 1134 2766 plena
1152 2665 1310 2743 Summi
1320 2667 1461 2744 Ponu-

125 2778 209 2876 fieis
229 2783 426 2855 asseritur
456 2781 616 2858 libertas
631 2793 665 2856 ei
680 2767 955 2868 eoncessiones,
970 2785 1107 2884 fauore
1121 2784 1317 2862 Ecclesiae
1340 2813 1460 2888 pera-

130 2905 225 2983 ctae,
237 2903 283 2974 in
292 2895 398 2976 Aula
412 2897 624 2977 Oratorum
632 2902 775 3006 populi
792 2909 988 3002 supremis
1007 2905 1457 2984 entellunlurlaudibus.

133 3016 345 3094 Publioum
373 3020 478 3096 idern
504 3019 689 3098 Minister
715 3023 926 3098 obtestatur
960 3047 1120 3102 sensum
1138 3051 1156 3116 ,·
1183 3051 1297 3128 quem
1326 3036 1457 3104 lamen

125 3135 412 3239 parvipendere
437 3138 605 3230 ridetur,
638 3142 783 3242 eoquod
809 3143 906 3220 dum
924 3144 1146 3247 indulpeai,
1168 3157 1210 3221 ni
1229 3144 1459 3249 (Alloontio)

130 3260 373 3357 vituperetur
408 3257 656 3362 eamdemque
685 3267 870 3365 prolueri
895 3272 1005 3350 vetet,
1033 3271 1241 3343 seuerius
1268 3268 1461 3348 obtestatio

134 3375 320 3451 illusoria
348 3377 486 3453 eradit.
1427 3483 1428 3488 ἵ

211 3495 392 3570 Attamen
420 3521 469 3572 ea
494 3503 611 3574 unico
651 3499 770 3578 iuius
815 3500 1000 3581 Ministri
1038 3507 1144 3607 sacto
1160 3563 1176 3595 ,
1204 3514 1278 3611 qni
1302 3535 1351 3588 eu
1377 3533 1458 3588 ver-

22 3697 23 3704 *
135 3614 191 3688 lis
219 3614 442 3689 solemniter
460 3618 630 3718 prolatis
663 3620 709 3694 ab
746 3622 1041 3724 Aupusiissima
1077 3633 1255 3705 ornnium
1290 3634 1460 3706 auotori-

22 3729 23 3734 ’
133 3735 542 3836 tainumposileabens
555 3741 658 3842 (acia
666 3741 928 3843 proclamata,
941 3768 1008 3818 eeu
1027 3747 1180 3825 tolidem
1190 3752 1456 3839 contumelias,

133 3877 303 3952 quorum
331 3853 421 3954 [psa
449 3860 607 3932 uictima
636 3868 709 3949 est,·
737 3869 771 3933 ei
800 3864 844 3936 in
871 3887 943 3938 suo
962 3879 1161 3973 conspeetu
1180 3870 1459 3970 quodammodo

134 3976 251 4047 islam
270 3977 408 4048 sistere
436 3999 574 4078 oopens
594 3985 879 4066 auctoritatem,
910 3994 944 4056 ei
970 3985 1099 4063 verbis
1125 4011 1222 4066 usus
1259 3995 1458 4093 captiosis,

134 4091 246 4194 lanpe
274 4091 440 4169 diuersis
460 4094 506 4168 ab
527 4095 609 4172 illis
636 4097 778 4197 quibus
806 4103 1034 4204 respondere
1062 4106 1187 4192 ducii,
1216 4117 1318 4186 totus
1345 4116 1390 4186 in
1418 4137 1459 4186 eo

135 4221 186 4285 esi
215 4221 259 4285 ut
286 4211 464 4288 eamdem
493 4227 641 4290 arouse!
671 4222 747 4300 eis,
779 4223 1095 4326 incitationisque
1122 4225 1174 4302 aci
1199 4227 1457 4316 rebellionem,

135 4333 381 4434 eamdemque
402 4342 584 4434 poenitus
613 4341 855 4440 eaprobrans
882 4345 982 4446 quod
1008 4359 1141 4449 questa
1159 4356 1223 4436 sit,
1245 4352 1354 4438 dum,
1376 4361 1458 4430 eius

137 4453 296 4544 iudicio,
329 4477 447 4555 apere
472 4464 628 4560 prorius
656 4457 862 4554 debuisses·
890 4463 958 4540 lroo
985 4475 1154 4556 tantum,
1174 4481 1354 4578 rpeiam,
1377 4480 1458 4578 sns-
