3670 5222
371 223 413 293 *lli
669 247 895 297 resurretura-2
921 249 1159 300 urcuuasrnrcrr
1183 249 1398 301 narnarrsusrs

370 344 487 420 tendit
514 367 588 422 non
616 345 732 424 solum
762 347 807 424 ad
835 350 1045 442 secundam,
1077 354 1116 426 et
1140 350 1288 427 tertiam
1326 347 1554 428 Dominicam
1586 347 1697 438 Qua-

368 463 612 567 dragesimae,
643 467 705 545 sed
734 467 843 544 etiarn
874 469 921 544 ad
950 469 1241 571 Sexagesimam,
1273 476 1312 548 et
1339 469 1696 572 Quinquagesinram

370 581 401 660 si
433 586 470 662 in
498 585 623 687 aliqua
642 611 687 664 ex
706 586 765 662 his
785 587 988 664 Dominicis
1016 587 1150 666 festum
1179 588 1323 693 primae
1351 589 1477 667 classis
1505 597 1693 681 occurrat,

368 730 478 808 quarn
508 706 720 807 opinionem
749 709 977 808 comprobat.
1014 709 1152 800 «Quia
1179 711 1249 788 etsi
1278 709 1454 788 lectiones
1483 711 1696 812 praedictae

335 897 339 907 .
373 857 391 898 a
422 850 496 904 non
525 828 603 903 siut
629 826 737 902 initia
778 827 862 902 libri
903 826 1092 928 alicujus,
1126 831 1320 908 continent
1360 833 1486 906 tamen
1527 829 1697 932 singulae
1823 853 1824 900 r

372 976 391 1019 a
422 946 590 1048 insignes
626 945 801 1023 historias
830 947 876 1022 ab
905 945 988 1023 aliis
1016 949 1164 1048 penitus
1206 951 1428 1045 distinctae,
1462 949 1698 1053 propriisque
1823 999 1824 1028 r

350 1096 392 1139 -›
426 1068 648 1159 nominibus,
683 1065 839 1142 Nohenri
870 1066 1050 1159 videlicet,
1086 1067 1310 1163 libramenti,
1341 1069 1495 1162 Jacobi,
1526 1069 1693 1172 dompni,
1823 1085 1824 1156 ἰ

374 1217 392 1258 ›
423 1195 461 1262 et
488 1187 629 1286 Moysis
657 1190 903 1288 nuncupatas3
933 1187 1103 1288 quodque
1132 1191 1179 1266 ad
1207 1213 1287 1266 rem
1315 1189 1408 1267 tacit
1434 1189 1596 1268 maxime
1624 1214 1698 1268 non
1823 1179 1824 1182 Ὺ

373 1336 392 1379 >
424 1305 605 1400 fortuito,
638 1331 703 1384 seu
741 1305 849 1383 obvia
876 1305 1060 1385 currentis
1087 1306 1174 1385 libri
1202 1309 1322 1403 serie,
1353 1311 1417 1388 sed
1445 1335 1526 1388 cum
1543 1310 1699 1388 delectu

373 1460 392 1502 s
425 1429 523 1506 hisee
560 1429 763 1505 Dominicis
800 1428 1047 1530 privilegiatis
1085 1427 1270 1523 addictas,
1304 1433 1433 1533 utpote
1470 1431 1626 1507 eximias
1653 1458 1699 1508 ex

374 1581 392 1624 ›
422 1550 642 1628 Sanctorum
673 1551 826 1626 Patruus
858 1549 1179 1650 interpretatione,
1200 1550 1353 1652 figuras,
1377 1575 1421 1626 ac
1449 1549 1564 1628 veluti
1592 1575 1700 1655 prae·

373 1701 391 1742 s
427 1671 527 1748 ludia
553 1671 732 1774 quaedam
764 1669 1023 1772 mysteriorum
1063 1668 1343 1772 Redemptionis
1383 1676 1559 1764 nostrae,
1591 1673 1700 1774 cujus
1823 1745 1824 1748 a

374 1821 392 1862 s
426 1801 515 1868 tunc
557 1789 759 1893 primordia
796 1788 1075 1867 recoluntur...
1109 1791 1262 1894 insuper
1297 1791 1392 1869 duae
1437 1789 1627 1884 Nohemi‚
1662 1801 1699 1867 et

376 1941 394 1984 ›
428 1909 630 1987 Abrahauri
678 1908 943 1985 continuantur
976 1909 1015 1985 in
1052 1909 1291 2010 sequentibus
1331 1907 1458 2004 feriis,
1489 1909 1586 2011 quod
1627 1909 1699 1986 nisi

374 2060 391 2100 ›
424 2029 545 2132 posito
574 2027 690 2119 initio,
724 2026 824 2106 haud
852 2027 943 2105 satis
971 2033 1218 2130 congruenter
1245 2029 1328 2107 fieri
1355 2057 1377 2107 a
1403 2025 1515 2105 simili
1543 2029 1588 2106 de
1616 2026 1700 2106 aliis

377 2178 394 2218 ›
429 2147 535 2223 facile
562 2150 619 2222 est
648 2147 797 2223 inferre.
829 2147 991 2248 Insignis
1020 2147 1144 2224 itidem
1189 2145 1502 2226 Machabaeorum
1545 2145 1701 2222 historia

375 2296 394 2338 ι
427 2289 474 2341 ne
502 2265 739 2342 omitteretur
781 2265 975 2343 transferri
1015 2265 1285 2344 decernitur».
1317 2264 1450 2370 (Temo
1477 2265 1508 2344 Ι.
1529 2270 1636 2366 parte
1654 2263 1694 2342 2.

373 2412 407 2463 c.
440 2386 478 2462 3.
511 2386 547 2462 d.
581 2383 647 2459 44.
679 2387 727 2462 Ν.
764 2381 799 2460 l.
831 2383 906 2488 2).
1823 2457 1824 2474 2

452 2507 521 2582 His
550 2503 681 2608 positis
709 2504 898 2606 praetatus
924 2503 1061 2582 Orator
1088 2498 1289 2585 abeodem
1319 2503 1435 2586 Sacra
1474 2504 1702 2608 Congrege—
1823 2503 1824 2510 '

372 2627 474 2704 tione
502 2624 691 2702 humiliter
717 2625 756 2700 in
786 2645 976 2728 sequentrs
1005 2625 1116 2704 Dubii
1156 2625 1376 2704 solutionem
1419 2624 1699 2727 expostulavit:

372 2746 547 2825 nimirum
578 2770 627 2824 an
655 2746 843 2848 praedicta
869 2746 995 2849 opinio
1033 2746 1228 2824 Michaelis
1268 2743 1454 2829 Onvalieri
1483 2745 1534 2821 sit
1561 2743 1702 2848 arnple·

373 2868 522 2959 otenda3
553 2890 601 2942 an
631 2889 716 2942 vero
743 2863 938 2943 Decretum
968 2864 1020 2944 26
1051 2867 1273 2944 Novembris
1303 2861 1406 2943 1735
1433 2865 1479 2942 de
1507 2865 1703 2942 Dominica

373 2991 518 3063 tanturn
548 2984 614 3060 IV.
646 2983 957 3086 Quadragesinrae
987 2983 1143 3085 intelligi
1173 2981 1329 3062 debenti
1823 3081 1824 3084 Ἴ

454 3103 569 3182 Sacra
595 3125 684 3179 vero
713 3102 976 3206 congregatio,
1003 3103 1185 3182 referente
1213 3103 1449 3205 infrascripto
1476 3101 1698 3196 secretario,
1823 3099 1824 3126 ³

374 3224 502 3302 audita
529 3223 714 3299 sententia
741 3220 781 3298 in
810 3223 958 3325 scriptis
987 3223 1138 3301 alterius
1167 3247 1213 3300 ex
1243 3222 1543 3327 Apostolicorum
1570 3223 1701 3302 Ouere-

375 3343 582 3422 nroniarum
626 3342 843 3444 Magistris,
874 3369 918 3422 ac
946 3341 1089 3421 mature
1130 3349 1376 3446 accurateque
1402 3367 1609 3446 perpensa,
1642 3369 1700 3420 re·
1823 3433 1824 3438 Ν

374 3464 604 3542 scribendum
632 3463 792 3541 censuit:
825 3463 1101 3542 ‹Affirmativc
1129 3465 1176 3540 ad
1203 3462 1360 3567 primam
1388 3465 1547 3566 partem3
1578 3465 1700 3567 Nege-

373 3584 451 3661 tive
479 3583 524 3660 ad
552 3583 748 3660 secundani
772 3611 808 3678 r,
831 3589 944 3684 atque
973 3582 1027 3660 ita
1054 3581 1245 3685 rescripsit
1263 3607 1306 3660 ac
1325 3582 1467 3662 servari
1495 3582 1699 3662 mandavit.
1823 3629 1824 3676 4

535 3702 606 3782 Die
636 3701 685 3779 13
711 3699 880 3779 Januarii
916 3699 1031 3780 1877.

692 3820 742 3898 A.
772 3822 844 3924 Ep.
877 3823 1054 3902 Sabinen.
1084 3820 1196 3902 Oard.
1227 3821 1337 3904 Brnro
1364 3825 1404 3905 S.
1429 3826 1479 3905 R.
1502 3823 1547 3905 Ο.
1570 3823 1699 3904 Praei.
1823 3759 1824 3764 ¹

787 3941 979 4020 Placidus·
1008 3941 1122 4022 Rulli
1149 3943 1191 4022 S.
1215 3941 1268 4024 R.
1294 3941 1340 4025 C.
1362 3943 1609 4025 decretoriae

883 4295 1198 4319 *¹⁸⁸⁸*-
