3622 5240
708 311 879 358 ,0003000
1411 297 1453 360 td

133 401 171 476 ad
199 426 262 478 ers
282 407 516 482 sandonibus
536 407 784 510 deploramus,
808 411 898 509 quin
917 410 961 487 de
982 413 1167 488 industria
1184 417 1224 488 et
1242 411 1376 488 callide
1396 411 1454 486 in-

131 524 248 600 cautis
277 525 471 602 insinuare
491 528 656 623 studeat,
687 531 762 608 Nos
782 532 905 634 reipsa
933 533 1043 634 plena
1062 535 1247 636 potestate
1275 538 1314 610 et
1343 531 1454 609 liber-

132 648 204 720 tate
221 645 298 722 l'rui
314 648 397 722 tum
409 645 515 748 loque
533 648 581 723 di
597 653 678 725 tum
689 653 898 755 excipiendi
910 653 1036 731 fideles
1051 659 1133 732 tum
1144 654 1353 732 Ecclesiam
1368 654 1454 732 uni-

130 793 274 844 uersam
295 765 600 845 administrandi.
624 771 762 848 Mirum
786 773 898 850 Nobis
913 775 973 853 est
990 775 1085 877 quod
1105 775 1199 852 talia
1217 774 1453 876 impudenter

130 890 260 967 iactari
289 891 448 993 possint,
480 892 585 992 quasi
613 895 835 972 exer-dnum
872 897 1023 974 illorum
1060 901 1212 973 actuum
1236 896 1299 998 qui
1325 917 1454 972 recen·-

128 1019 259 1088 sentur
287 1013 396 1116 plene
415 1015 454 1088 et
473 1013 625 1090 omnino
652 1023 751 1092 esset
780 1019 819 1094 in
848 1023 977 1094 nostra
996 1019 1199 1122 potestate,
1228 1020 1268 1092 et
1286 1014 1392 1116 quasi
1412 1013 1451 1090 in

130 1135 172 1208 iis
201 1135 284 1210 tota
303 1133 586 1234 gubernationis
610 1135 801 1214 Ecclesiae
819 1139 917 1215 ratio
935 1163 1028 1240 quae
1048 1137 1094 1215 ad
1114 1159 1251 1214 munus
1270 1135 1452 1210 Nostrum

129 1256 306 1356 pertinet,
338 1255 610 1331 contineretur.
642 1255 735 1345 Quis
763 1258 862 1334 enim
893 1259 1013 1334 nescit
1041 1282 1116 1336 non
1143 1257 1209 1334 sub
1229 1255 1369 1332 Nostra
1387 1253 1451 1330 sed

128 1376 192 1451 sub
219 1373 496 1452 dominantium
533 1381 719 1478 potestate
752 1403 832 1454 esse
869 1382 976 1454 actus
1011 1377 1092 1455 eius
1125 1375 1312 1454 libertatis
1340 1397 1451 1476 quam

128 1501 325 1599 tantopere
351 1495 558 1588 extollunt,
590 1497 646 1573 ita
672 1500 717 1574 ut
733 1503 889 1574 eatenus
917 1501 957 1574 et
976 1495 1159 1574 tamdium
1177 1495 1324 1572 eosdem
1344 1495 1452 1572 actus

127 1641 300 1693 exercere
328 1617 528 1720 possimne,
551 1621 735 1718 quatenus
754 1623 793 1694 et
825 1616 1001 1720 quamdiu
1033 1617 1102 1693 hoc
1134 1617 1178 1693 ab
1206 1616 1254 1692 iis
1282 1636 1357 1692 non
1381 1613 1453 1690 im-

128 1735 325 1838 pediatur?
354 1735 459 1824 Quae
485 1739 614 1814 tamen
646 1740 861 1816 nostrorum
893 1743 1047 1815 actuum
1083 1735 1239 1814 libertas
1266 1735 1451 1836 quantum

126 1858 193 1931 snb
220 1881 351 1932 eorum
379 1861 567 1961 potestate
594 1857 660 1954 sit,
690 1861 762 1936 etsi
791 1859 866 1935 alia
884 1865 1110 1960 argumenta
1135 1857 1324 1950 deessent,
1355 1855 1451 1932 satis

128 1977 255 2052 innuit
283 2001 325 2052 ac
354 1977 461 2055 docet
489 1979 697 2057 novissima
724 2005 768 2056 ea
796 1982 858 2058 lex
877 2005 986 2082 quam
1018 2003 1136 2084 nuper
1154 1974 1448 2081 deploravimus,

125 2121 198 2196 qun
227 2098 385 2173 liberum
412 2099 636 2176 exercitium
664 2101 873 2204 spiritualis
902 2109 1053 2178 nostrae
1076 2097 1291 2204 potestatis,
1321 2099 1362 2174 et
1379 2093 1454 2175 mi·

126 2217 277 2293 nisterii
304 2217 549 2294 ecclesiastici
581 2219 723 2298 ordinis
755 2245 854 2298 nova
880 2227 919 2297 et
951 2219 1179 2298 intolerabili
1210 2218 1452 2322 oppressione

124 2339 529 2441 ‹·onstringitur.tluod
549 2342 581 2418 si
601 2343 802 2421 nonnullos
822 2351 928 2420 actus
949 2343 1025 2420 Nos
1045 2367 1150 2446 posse
1168 2361 1343 2418 exercere
1367 2363 1453 2444 pen-

126 2461 316 2554 rniserint,
347 2487 392 2536 ea
418 2461 461 2536 de
490 2486 603 2538 causa
629 2461 725 2564 quod
752 2471 959 2566 agnoscant
989 2467 1216 2566 quantopere
1243 2481 1373 2540 eorum
1391 2459 1455 2538 in·
1515 2561 1517 2566 Ι

125 2581 238 2656 tersit
268 2582 344 2656 Nos
372 2583 438 2656 sub
471 2605 599 2657 eorum
628 2583 881 2660 dominatione
914 2583 1048 2660 lilreros
1080 2581 1309 2677 existimari,
1338 2603 1452 2683 quam

124 2701 248 2777 multa
264 2704 392 2777 tamen
408 2703 636 2804 gravissima
650 2705 928 2808 pernecessaria
942 2703 1150 2802 srunrrique
1165 2698 1346 2779 momenti
1360 2702 1452 2778 sunt
1500 2788 1503 2794 ,

124 2847 218 2922 quae
246 2821 292 2896 ad
321 2821 557 2899 formidanda
577 2847 692 2900 onera
710 2825 913 2902 ministerii
943 2825 1071 2900 Nostri
1092 2823 1298 2926 pertinent,
1320 2819 1452 2922 quibus

126 2941 248 3045 reipsa
276 2967 318 3016 33
351 2942 424 3017 rite
462 2943 719 3044 perficiendis,
750 2945 826 3020 Nos
862 2944 1136 3022 dominantium
1170 2944 1259 3046 iugo
1294 2939 1452 3020 subiecti

125 3063 226 3138 omni
247 3063 459 3139 necessaria
482 3059 664 3140 facultate
683 3069 722 3139 et
747 3064 920 3142 libertate
939 3063 1132 3142 caremusl
1153 3063 1347 3141 Vellemus
1368 3061 1454 3166 qui·

127 3181 206 3257 deni
238 3185 323 3258 illos
344 3185 408 3285 qui
435 3209 479 3260 ea
506 3209 601 3290 quae
619 3185 820 3263 retulimus
840 3187 1009 3264 scribunt
1026 3190 1094 3263 aut
1122 3185 1344 3288 loquuntur,
1363 3203 1453 3260 000-

128 3301 182 3378 los
210 3329 297 3380 suos
325 3302 371 3380 ad
398 3329 556 3408 eaquae
583 3306 682 3384 cirea
702 3307 778 3384 Nos
806 3307 982 3385 accidunt
999 3305 1244 3400 coniicerent,
1264 3327 1309 3382 ae
1326 3299 1452 3382 alieno

128 3425 333 3530 paulisper
350 3451 373 3502 3
388 3425 556 3529 partibus
571 3429 696 3504 animo
711 3429 975 3525 diiudicarent,
993 3435 1120 3506 utrum
1135 3449 1226 3504 vere
1243 3424 1316 3502 dici
1331 3423 1451 3530 possit

127 3541 192 3618 E
206 3545 318 3622 lasiae
345 3545 531 3648 regendae
564 3553 786 3648 potestaten
825 3549 936 3630 Nobis
967 3549 1155 3626 divinitus
1186 3546 1447 3642 00ῐο0100301,

127 3687 212 3740 eum
239 3691 281 3742 eo
300 3671 407 3744 statu
434 3668 479 3744 ad
501 3692 608 3769 quern
630 3668 707 3767 Nos
726 3671 832 3768 adep-i
872 3671 1090 3748 invasorum
1109 3667 1325 3746 dominatus
1343 3687 1450 3770 posse

128 3787 310 3888 componi.
325 3785 519 3866 Vellenrus
528 3812 592 3866 eos
602 3813 804 3890 agnoscere
815 3791 999 3884 convicia,
1012 3789 1187 3882 iniurias,
1198 3785 1451 3866 contumelias

127 3927 220 4004 quae
245 3907 361 3984 etiam
390 3909 430 3986 in
453 3909 542 3987 aula
559 3909 760 3988 Oratorum
792 3911 925 4014 Populi
954 3911 1194 3990 continenter
1220 3913 1354 3987 contra
1380 3907 1452 3984 hu·

126 4023 327 4102 militatem
347 4027 526 4106 Nostram
544 4029 806 4124 effunduntur,
828 4030 1027 4109 convincia
1052 4029 1094 4110 in
1121 4029 1253 4130 quibus
1271 4027 1348 4106 Nos
1367 4026 1451 4130 qui-

125 4143 209 4219 dem
237 4147 467 4250 ignoscimus
484 4151 635 4230 miseris
652 4153 715 4255 qui
743 4179 787 4229 33
807 4157 1001 4256 pmmunt,
1021 4153 1084 4228 sed
1103 4153 1232 4229 tamen
1261 4149 1303 4227 in
1330 4147 1451 4225 offen-

128 4265 267 4344 sionem
295 4272 501 4349 maximam
537 4273 701 4352 fidelium
735 4275 873 4352 cedunt
904 4296 1062 4374 quorum
1089 4270 1299 4349 communis
1331 4267 1449 4347 Pater

127 4385 305 4484 violatur,
331 4400 369 4468 et
397 4417 440 4469 eo
468 4393 630 4472 tendunt
656 4397 701 4472 ut
725 4395 976 4474 imminuatur
1002 4395 1098 4500 apud
1126 4419 1188 4472 eos
1215 4391 1447 4470 existimatio

129 4513 331 4590 auctoritas
360 4515 568 4609 veneratio,
599 4540 709 4618 quam
742 4516 958 4594 Vicariatus
986 4515 1133 4595 Christi
1164 4537 1270 4617 quern
1300 4512 1446 4614 indigni

131 4631 370 4730 sustinemus,
401 4659 577 4739 suprema
607 4635 774 4738 dignitas
788 4641 828 4714 et
851 4638 1035 4714 sanctitas
1055 4637 1233 4740 postulat.
1253 4635 1450 4714 Vellemus
