3622 5232
366 259 428 326 tt8
827 273 990 323 ennemase
1016 273 1229 320 insusurrans

363 383 439 454 stat
472 398 589 454 novae
618 373 927 478 praesenteti0ui3
949 370 1122 473 qnoniam
1151 373 1182 448 si
1211 374 1386 450 iudicium
1415 397 1489 450 non
1518 375 1695 474 penderet

367 501 448 574 sive
478 502 664 598 superstes
694 494 808 572 suerit
835 494 1046 574 institutus.
1066 493 1146 569 sive
1166 518 1252 581 non,
1278 494 1424 568 adversi
1445 495 1593 594 petroni
1615 519 1693 596 pos

368 624 453 697 sent
480 618 608 719 utique
658 621 895 718 praesentare
925 645 943 688 e
979 641 1072 691 uam
1108 622 1146 692 si
1177 626 1423 719 praesentato
1448 625 1483 692 et
1511 621 1694 693 instituto

367 741 438 843 (ita
466 737 734 839 Ooverruvias)
764 738 831 813 iiie
856 739 1061 838 pendente,
1099 748 1268 820 mortuo,
1306 763 1385 814 non
1414 741 1698 840 licetpatrono,

366 870 437 965 qui
451 861 569 938 ilium
581 867 915 962 praesentaverat,
929 858 1053 932 atium
1060 867 1332 960 praesentare,
1351 868 1521 934 cessante
1541 865 1700 934 omniuo

363 1007 436 1086 per
469 989 629 1056 mortem
660 983 990 1082 praesentatione,
1012 989 1045 1051 et
1082 981 1341 1063 institutione,
1371 1003 1464 1079 erpo
1493 978 1576 1054 sola
1614 980 1702 1055 titis

364 1100 568 1204 pendentia
594 1105 949 1202 praesentationem
977 1097 1155 1198 impedit,
1175 1102 1271 1198 quia
1308 1123 1353 1172 ea
1390 1123 1469 1172 non
1490 1098 1697 1199 pendente,

368 1227 467 1306 iam,
501 1221 617 1295 tibere
640 1231 852 1321 patronus,
871 1243 950 1294 non
980 1228 1133 1294 tantum
1161 1218 1320 1310 laicus,
1361 1220 1430 1296 sed
1463 1229 1497 1295 et
1536 1220 1703 1294 ctericus

365 1351 555 1449 potuisset
571 1350 855 1444 praesentare,
885 1347 1002 1416 etiam
1035 1341 1176 1444 absque
1221 1343 1437 1445 prioitepio
1470 1348 1700 1419 uacationis,

372 1465 503 1568 Ipitur
531 1469 797 1566 praesumtio
851 1469 1005 1538 ratione
1046 1463 1129 1539 titis
1171 1462 1380 1564 pendentis
1419 1463 1643 1564 impeditur.
1680 1489 1699 1534 ›

450 1581 659 1684 Quaproter
683 1580 821 1658 Glossa
842 1585 883 1654 in
903 1587 966 1654 cit.
987 1606 1070 1681 cap.
1085 1580 1127 1656 1.
1145 1586 1207 1654 uti
1218 1580 1276 1656 iit.
1289 1580 1408 1682 penei.
1428 1580 1456 1654 6
1464 1641 1470 1654 .
1494 1578 1700 1682 subiungit,

376 1703 548 1805 ‹aruplia
569 1703 674 1778 istud
689 1712 802 1803 caput
817 1699 868 1773 ad
875 1700 1157 1803 postulationes
1176 1708 1211 1774 ei
1218 1706 1556 1801 presentationem
1580 1700 1707 1800 Atque

372 1823 467 1902 idem
487 1848 533 1898 ex
555 1823 750 1898 identitate
769 1827 938 1896 rationis
959 1831 994 1894 et
1014 1843 1086 1895 non
1108 1845 1171 1919 per
1191 1821 1335 1896 modum
1350 1821 1592 1912 extensionis,
1607 1821 1705 1897 diiu-

375 1943 570 2020 dicandum
609 1931 688 2017 esse
716 1943 821 2018 docet
849 1940 1102 2016 Luneetlottus
1131 1941 1178 2017 de
1197 1951 1330 2016 atteret.
1361 1947 1401 2014 in
1426 1966 1562 2044 praes.
1592 1969 1623 2015 c.
1658 1940 1702 2016 4.

375 2091 415 2140 n.
439 2063 542 2138 669.
563 2091 582 2134 e
606 2062 656 2138 ibi
675 2104 693 2119 ·
730 2087 796 2136 nec
831 2062 922 2135 dicit
960 2067 1273 2137 constitutionem
1313 2061 1425 2136 ittam
1461 2061 1708 2166 comprehen-

377 2185 467 2259 dere
504 2189 861 2287 praesentationem
890 2205 966 2283 per
989 2181 1144 2256 iriodurn
1181 2187 1434 2268 cetensioni's,
1472 2183 1540 2260 sed
1569 2188 1709 2286 potius

378 2329 427 2380 eoo
465 2303 660 2378 identitate
689 2307 856 2376 rationis
896 2301 949 2375 idi
967 2301 1118 2377 includi
1136 2329 1153 2392 ,·
1180 2308 1277 2403 quia
1305 2309 1406 2379 sicut
1436 2329 1566 2406 posse,
1604 2303 1714 2406 quod

378 2422 565 2498 trabebant
593 2423 687 2498 otim
717 2421 893 2494 electores
905 2431 994 2522 post
1023 2431 1188 2497 mortem
1219 2422 1338 2508 eiecti,
1364 2423 1477 2499 nadre
1496 2423 1712 2524 impeditur

373 2551 533 2644 propter
569 2543 651 2618 litis
682 2540 956 2642 pendentium,
989 2546 1041 2614 ita
1073 2549 1108 2615 et
1140 2565 1254 2643 posse
1283 2551 1546 2644 patronorum
1580 2543 1713 2620 atium

374 2659 653 2763 praesentandi
668 2666 774 2734 iutra
805 2661 1092 2762 quadrimestre
1124 2674 1274 2764 tempus
1305 2674 1390 2738 erat
1410 2663 1648 2766 impeditum
1669 2664 1714 2740 ab

380 2783 464 2858 ditis
487 2781 738 2883 pendentium
766 2806 815 2856 eu·
843 2782 975 2856 eadem
1005 2787 1172 2856 rationis
1193 2783 1444 2859 identitate».
1467 2785 1716 2864 Unanimiter

380 2903 604 2976 concordant
635 2899 879 2975 ueiffcnstuel
909 2901 974 2975 tib.
1009 2899 1048 2976 2.
1081 2899 1231 2978 Decret.
1264 2902 1321 2978 tu.
1354 2904 1395 2978 6.
1426 2906 1463 2998 ξ.
1488 2901 1530 2982 2.
1555 2930 1595 2977 n.
1635 2903 1716 2992 44,-

380 3019 533 3095 Gareies
570 3020 613 3092 de
640 3017 761 3114 benef.
789 3029 895 3120 part.
927 3017 968 3094 5.
1003 3045 1083 3122 rap.
1117 3018 1163 3102 9,
1192 3047 1232 3094 u.
1263 3019 1352 3098 217
1384 3047 1467 3097 eum
1507 3020 1589 3096 uliis
1630 3047 1718 3123 per-

382 3138 508 3214 multis
537 3139 583 3213 eb
612 3137 740 3212 iisdem
773 3137 896 3212 relatis
921 3163 930 3225 ;
961 3163 1129 3216 necnon
1159 3141 1258 3217 Rota
1291 3143 1402 3218 Rom.
1434 3141 1473 3218 in
1512 3168 1588 3219 una
1636 3143 1717 3220 Za·

382 3282 533 3334 morem
562 3257 732 3354 beneficii
759 3258 803 3330 de
832 3257 1005 3334 Monotes
1032 3257 1091 3335 30
1119 3259 1224 3336 Maii
1253 3260 1370 3337 1856
1400 3289 1477 3338 cor.
1497 3263 1542 3339 de
1580 3261 1716 3340 Orano

375 3403 452 3481 per
485 3375 670 3454 Graeciam
698 3375 784 3452 ibid.
817 3379 939 3452 redata
972 3380 1081 3452 «eidi
1104 3383 1188 3479 ficit
1216 3383 1375 3466 elicium,
1402 3384 1505 3484 quod
1526 3384 1593 3459 dite
1614 3391 1719 3460 iuter

376 3507 647 3603 praesentatos
669 3497 880 3599 pendente,
911 3499 1106 3600 alteroque
1135 3526 1183 3575 ecc
1211 3502 1461 3603 titipantibus
1502 3503 1719 3602 defuncto,

377 3628 547 3722 patrono
576 3641 657 3692 non
676 3621 860 3720 permitti
886 3625 971 3694 sine
998 3625 1089 3694 uitio
1127 3632 1404 3696 attentatarum
1446 3621 1572 3696 adium
1600 3647 1720 3724 proe-

386 3749 541 3814 sentcre
570 3738 832 3813 indubitatum
860 3748 917 3814 est
945 3765 992 3814 ece
1021 3767 1103 3842 cap.
1137 3742 1179 3818 1.
1211 3751 1246 3816 et
1272 3739 1316 3817 2.
1348 3752 1390 3815 ut
1417 3741 1475 3816 m.
1501 3741 1623 3842 pend.
1652 3743 1681 3815 6
1690 3770 1720 3834 .,·

389 3863 501 3957 etque
529 3858 584 3932 itu
610 3857 720 3932 etiam
752 3855 910 3932 truditur
939 3858 976 3932 in
995 3859 1211 3936 Fauentina
1232 3861 1473 3954 benefieittd
1495 3859 1719 3940 Decembris

391 3977 509 4053 1704
529 3979 569 4075 ξ.
591 3977 747 4052 demum
775 4002 854 4052 cor.
886 3976 1011 4053 Muto.
1031 3981 1181 4056 Accedit
1201 3981 1313 4056 Sacra
1328 3981 1371 4058 O.
1394 3979 1548 4056 Concilii
1570 3981 1606 4055 in
1628 4007 1719 4058 ‹sasu

286 4083 289 4096 ’
388 4094 510 4195 magis
538 4098 629 4173 duro
672 4097 918 4171 institutionis
958 4099 1030 4172 inm
1069 4097 1224 4173 collatae
1271 4123 1365 4175 novo
1405 4103 1641 4200 praesentato
1684 4107 1721 4176 et

389 4215 598 4316 superstitis
627 4217 664 4290 in
694 4217 732 4292 S.
764 4216 806 4294 O.
839 4217 1127 4308 succumbentis,
1161 4227 1269 4319 prout
1306 4221 1345 4294 in
1373 4219 1602 4298 Lauretana
1648 4220 1722 4296 Ca·

385 4335 582 4437 peidaru'ae
610 4335 651 4411 9.
686 4336 788 4412 Maii
816 4336 949 4414 1840.

470 4455 632 4531 Tandem
663 4459 708 4532 ad
736 4461 894 4531 tertium
925 4457 1075 4530 veniens
1103 4459 1289 4534 odierium
1318 4458 1508 4560 praefatus
1549 4461 1724 4538 defensor

390 4575 582 4648 summani
599 4582 753 4651 conatus
768 4585 824 4650 est
841 4576 1024 4652 vindicare
1037 4579 1272 4654 idoneitatem
1285 4580 1495 4657 Sacerdotis
1511 4581 1662 4658 Ioannis
1675 4583 1722 4660 G.
