3622 5232
360 225 423 302 162
962 241 1124 296 tttoccrt‘t

357 349 605 453 spectaculum
634 341 784 425 fuerunt
812 349 961 438 mundo,
994 353 1031 422 et
1062 345 1211 449 Angelis
1240 351 1278 422 et
1305 338 1527 424 bominibus.
1558 339 1685 446 Agno-

357 469 633 544 scebamusNos
651 465 800 568 quidem
820 469 857 540 et
875 464 1023 566 publica
1042 489 1126 541 curn
1145 467 1473 557 commendatione,
1488 473 1530 543 ut
1548 467 1682 556 nostis,

357 587 543 664 declarare
570 611 647 663 non
674 586 866 662 omisimus
894 585 932 659 in
963 584 1194 662 Allocutioue
1223 588 1266 662 ad
1298 588 1373 661 Vos
1402 585 1531 662 habita
1557 586 1613 662 die
1638 587 1686 662 12

357 709 472 810 elapsi
502 709 644 801 Martii,
679 705 912 786 Catholicum
942 704 1118 808 populum
1149 707 1361 782 universum
1392 707 1507 783 Nobis
1536 710 1574 782 et
1596 707 1686 783 huic

357 825 589 931 Apostolicae
625 825 832 906 Oatbedrae
868 851 947 901 esse
984 825 1316 915 devinctissimum3
1357 827 1418 902 scd
1456 826 1526 902 hoc
1563 827 1684 929 ipsum

357 946 499 1023 Fideles
527 945 578 1020 ita
607 943 802 1045 splendidis
830 968 945 1045 nuper
974 943 1132 1031 indiciis,
1165 943 1408 1043 omnibusque
1433 945 1547 1022 modis
1565 944 1687 1047 palam

360 1047 576 1169 publiceque
614 1065 804 1140 ostendere
846 1072 884 1138 et
920 1061 1138 1139 confirmare
1175 1062 1391 1158 voluerunt,
1432 1072 1472 1140 ut
1510 1089 1604 1166 quae
1642 1068 1701 1142 ad·

358 1211 483 1264 eorum
513 1185 660 1261 laudem
690 1184 926 1286 pertinebant
953 1183 992 1258 in
1021 1206 1193 1284 magnam
1222 1181 1503 1260 admirationem
1537 1209 1690 1286 prorsus

359 1305 619 1394 converterint,
662 1310 700 1378 et
738 1301 892 1405 gloriam
933 1303 1011 1379 Deo
1047 1304 1266 1395 tribuentes,
1311 1305 1386 1380 Nos
1425 1305 1690 1382 iucundissima

359 1425 607 1504 consolatione
635 1421 876 1525 perfuderint.
907 1422 949 1499 ln
978 1421 1080 1498 omni
1108 1423 1207 1498 enim
1235 1447 1354 1527 paene
1384 1425 1508 1501 mundi
1534 1425 1689 1528 regione

358 1547 420 1625 ille
447 1547 523 1621 dies
550 1544 698 1620 divinae
726 1568 815 1645 erga
843 1543 918 1620 Nos
947 1541 1187 1643 benignitatis
1225 1549 1263 1619 et
1298 1543 1546 1621 miserationis
1574 1571 1596 1620 a
1625 1570 1691 1646 po-

359 1665 446 1770 pulo
474 1663 543 1742 Dei
572 1663 725 1764 publicis
753 1662 893 1740 letitiae
922 1669 959 1739 et
992 1661 1182 1763 religionis
1220 1663 1555 1766 significationibus
1593 1664 1687 1740 cele·

362 1789 486 1859 bratus
514 1785 581 1873 est,
614 1779 776 1881 undique
804 1781 849 1854 ad
877 1802 945 1854 nos
973 1777 1119 1854 litterae
1138 1776 1272 1855 allatae
1291 1793 1380 1856 sunt
1407 1781 1536 1881 plenae
1565 1779 1690 1857 filialis

362 1901 545 1991 affectus,
579 1901 709 2002 plenae
736 1898 896 1991 doloris,
927 1900 974 1974 ob
1000 1899 1169 1999 iniquum
1200 1899 1334 1976 bellum
1364 1903 1423 1977 cui
1451 1901 1599 1978 obnoxii
1628 1926 1690 1977 su-

363 2048 467 2113 mus,
505 2020 610 2120 quasi
643 2022 724 2095 tum
757 2018 916 2119 primum
950 2021 1033 2120 post
1066 2018 1172 2118 longa
1207 2019 1401 2096 intervalla
1430 2019 1586 2098 filiorum
1617 2047 1691 2099 vox

362 2165 570 2243 compressa
598 2138 805 2240 erupisset:
841 2139 911 2238 ipsi
949 2139 1064 2214 etiam
1101 2137 1366 2216 catholicarum
1404 2142 1597 2217 nationum
1632 2167 1691 2219 re-

363 2268 509 2350 ctores,
541 2258 677 2358 aliique
703 2257 889 2359 principes
917 2255 989 2332 viri
1017 2263 1054 2333 et
1081 2255 1263 2334 foeminae
1291 2283 1365 2336 uon
1394 2259 1511 2336 solum
1540 2262 1692 2363 arreptis·

363 2381 456 2456 sima
484 2377 686 2470 nobilitate,
718 2375 932 2480 sed'regali
969 2377 1082 2454 etiam
1119 2383 1299 2481 sanguine
1336 2379 1565 2481 spectabiles,
1598 2406 1690 2457 suae

365 2499 480 2578 Nobis
521 2499 713 2575 devinctae
756 2495 959 2574 voluntatis
1005 2495 1128 2574 officia
1159 2499 1433 2594 exhibuerunt,
1486 2500 1693 2578 luculenter

363 2623 595 2697 ostendentes
622 2641 731 2696 suum
759 2617 970 2718 religiosum
999 2617 1162 2694 studium
1189 2619 1235 2694 ab
1264 2619 1420 2696 aliorum
1449 2620 1589 2721 pietate
1617 2645 1693 2698 uon

363 2741 475 2816 vinci.
507 2740 733 2840 Frequentia
757 2741 880 2814 autern
901 2761 943 2811 ac
965 2734 1157 2812 multitudo
1177 2736 1356 2816 Fidelium
1377 2738 1542 2816 exomni
1562 2738 1694 2841 lingua

366 2860 499 2964 populo
528 2864 566 2936 et
594 2859 758 2950 natione,
790 2883 837 2934 ex
865 2859 964 2935 omni
992 2856 1119 2934 ordine
1147 2863 1271 2935 aetate
1299 2866 1338 2935 et
1364 2884 1469 2950 sexu,
1502 2861 1565 2961 qui
1587 2885 1696 2961 prae-

363 2981 537 3056 euntibus
569 2979 784 3055 Pastoribus
812 2978 905 3067 suis,
935 2977 1233 3078 peregrinatione
1269 2986 1451 3078 suscepta,
1489 3003 1536 3054 ex
1573 3003 1696 3054 remo·

364 3101 519 3175 tissimis
538 3099 653 3175 etiarn
672 3098 887 3201 regionibus
905 3100 950 3173 ad
970 3121 1037 3174 nos
1056 3107 1251 3193 venerunt,
1277 3099 1346 3176 lide
1365 3109 1402 3174 et
1421 3122 1545 3174 amore
1565 3123 1694 3173 eorum

368 3225 513 3300 animos
550 3223 647 3298 inter
682 3224 740 3298 tot
777 3223 952 3323 cuiusque
991 3224 1136 3325 generis
1174 3223 1406 3300 incommoda
1442 3226 1689 3314 sustentante,

364 3347 552 3443 comperta
579 3345 636 3415 est
666 3339 781 3416 Vobis
811 3340 1050 3417 Venerabiles
1079 3341 1243 3434 Fratres,
1277 3343 1340 3442 qui
1369 3347 1511 3419 tantam
1544 3343 1617 3416 vim
1639 3343 1694 3417 di-

365 3461 533 3537 lectionis
561 3461 786 3536 admirantes
823 3461 867 3535 de
906 3483 963 3548 aa,
1007 3461 1043 3535 in
1087 3463 1243 3538 Vestrae
1279 3461 1541 3563 gratulationis
1573 3460 1694 3537 officio

365 3583 461 3682 apud
489 3583 566 3657 Nos
594 3586 761 3657 arnanter
789 3581 982 3682 implendo,
1006 3581 1242 3681 glorificastis
1261 3585 1395 3673 Deum,
1418 3589 1457 3658 et
1484 3607 1592 3684 super
1611 3585 1694 3684 ipso

364 3702 571 3778 divinarum
600 3704 805 3805 gratiarum
836 3702 1043 3806 largitatem
1075 3705 1171 3780 votis
1195 3705 1328 3782 vestris
1348 3701 1590 3806 implorastis.
1616 3704 1694 3779 Vos

364 3828 462 3904 enim
492 3827 635 3902 vidistis
665 3827 937 3903 confertissima
964 3827 1113 3928 agmina
1142 3829 1188 3904 ad
1216 3829 1282 3904 has
1321 3829 1428 3902 aedes
1458 3828 1613 3903 Nostras
1642 3827 1695 3901 ita

364 3948 401 4023 in
431 3947 508 4021 dies
536 3944 701 4050 singulos
728 3945 983 4036 confluentia,
1025 3952 1066 4023 ut
1103 3946 1195 4022 satis
1223 3949 1459 4023 ostenderent
1486 3970 1596 4044 quam
1631 3971 1696 4022 cu-

365 4075 494 4168 perent
520 4068 735 4144 diuturnum
765 4064 988 4144 desiderium
1019 4066 1145 4144 Patris
1174 4067 1230 4140 sui
1260 4065 1507 4166 conspiciendi
1538 4072 1573 4138 et
1606 4064 1695 4141 allo-

365 4188 498 4286 quendi
526 4186 686 4288 explere,
721 4187 863 4261 vidistis
892 4185 1169 4262 amantissimos
1197 4184 1291 4260 lilios
1320 4209 1429 4261 voces
1459 4186 1613 4260 Nostras
1632 4210 1696 4259 cu-

366 4305 554 4408 pidissime
583 4306 745 4394 haurire,
777 4313 815 4381 et
843 4307 918 4382 suis
950 4306 1278 4407 protestationibus
1307 4329 1349 4380 ac
1376 4304 1541 4405 obsequii
1577 4305 1696 4404 signi·

365 4424 597 4503 beationibus
624 4449 715 4526 quas
744 4424 916 4500 lacrimae
935 4426 1120 4502 interdum
1140 4425 1459 4524 interrumpebant
1479 4423 1519 4499 in
1538 4447 1697 4524 persona

366 4543 584 4626 humilitatis
606 4544 761 4618 Nostrae
781 4543 968 4618 Vinariam
989 4543 1127 4620 Christi
1143 4550 1359 4645 potestatem
1381 4542 1562 4638 venerari,
1581 4547 1695 4645 atque
