3622 5240
589 325 646 463 [Χ
689 326 821 464 titul
865 327 1231 468 tumultuum
1275 329 1465 471 tutttll

950 654 1145 814 derisus

466 973 762 1045 compendium
784 973 897 1033 ruri.
936 948 1047 1024 hnno
1080 941 1180 1020 1856
1216 943 1364 1046 quidam
1402 943 1547 1022 Natalis
1574 943 1621 1024 P.
1652 972 1709 1025 re-

384 1065 583 1141 nunciatus
611 1063 689 1168 fuit
712 1065 954 1142 Primioerius
983 1063 1316 1142 Confraternitatis
1336 1059 1454 1140 sSni.
1476 1064 1709 1142 Sacramenti

383 1183 422 1260 in
450 1208 518 1259 sua
545 1183 668 1286 patria
696 1188 852 1261 erectae.
885 1181 1056 1262 Officium
1085 1182 1292 1260 Primioerii
1311 1179 1384 1260 fuit
1401 1185 1444 1260 ut
1471 1207 1595 1259 rerum
1614 1187 1709 1260 tem·

383 1304 567 1411 puralium
595 1306 950 1384 administrationem
987 1309 1153 1408 gereret,
1186 1329 1368 1383 unacum
1397 1303 1521 1406 aliquo
1550 1331 1597 1384 ex
1623 1329 1709 1384 con·

385 1424 576 1504 fratribus.
594 1427 735 1504 Verum
756 1427 802 1503 ob
823 1425 1104 1528 negligentiam,
1118 1451 1211 1526 quae
1229 1424 1327 1502 haud
1346 1449 1431 1501 raro
1445 1425 1708 1504 Sodalitiorum

390 1548 554 1624 membra
581 1550 697 1638 tenet,
720 1547 866 1623 Natalis
893 1549 939 1622 P.
963 1550 1164 1648 proventus
1191 1546 1355 1624 eiusdem
1382 1544 1708 1626 (lunfraternitatis

386 1664 488 1745 solus
515 1666 804 1744 administrarit.

467 1788 594 1866 Rebus
623 1787 718 1864 male
745 1787 872 1888 gestis,
893 1785 993 1864 fama
1021 1789 1063 1862 ad
1094 1786 1259 1864 Sodalitii
1280 1786 1404 1866 Socios
1430 1788 1619 1889 perrenit;
1647 1785 1707 1889 qui
1788 1775 1789 1782 Ν

384 1906 501 1988 Curia
529 1906 641 2002 adita,
673 1907 861 2007 petierunt
889 1913 930 1982 ut
956 1905 1101 1982 Natalis
1129 1909 1174 1983 Ρ.
1209 1907 1354 1988 reddita
1377 1905 1546 1999 ratione,
1581 1907 1627 1985 ab
1653 1903 1705 1984 ol-

384 2027 470 2106 ficio
498 2029 763 2104 removeretur.
789 2027 970 2104 Rationes
998 2027 1150 2127 expensi
1179 2033 1218 2102 et
1246 2025 1385 2127 accepti
1405 2026 1521 2104 initae
1539 2025 1704 2118 fuerunt3

384 2149 499 2226 nimio
528 2146 685 2223 forsitan
712 2146 789 2222 zelo
818 2153 858 2220 ut
885 2145 1116 2247 negligentia
1144 2148 1408 2246 quodammodo
1435 2147 1704 2223 emendaretur.

384 2269 440 2346 Ex
469 2268 601 2368 quibus
642 2265 752 2342 miser
789 2265 1029 2342 primicerius
1071 2265 1214 2343 debitor
1257 2265 1430 2368 apparuit
1469 2290 1516 2342 ex
1557 2267 1709 2344 scutatis

390 2384 478 2473 172,
502 2383 568 2460 05.
601 2387 652 2460 At
679 2383 918 2460 consideratis
955 2383 1162 2472 laboribus
1194 2384 1444 2461 anxietatibus
1472 2387 1510 2459 et
1537 2385 1639 2462 curis
1665 2387 1710 2462 ab

385 2505 465 2607 ipso
495 2507 533 2581 in
560 2501 700 2581 difficili
729 2502 922 2579 exactione
949 2501 1156 2604 praestitis,
1182 2507 1293 2604 atque
1321 2504 1431 2578 etiam
1452 2505 1597 2580 attento
1615 2504 1711 2602 quod

385 2625 527 2701 debitor
555 2625 689 2701 nedum
717 2647 765 2699 ex
792 2645 835 2697 eo
863 2622 989 2714 ditior,
1012 2623 1088 2699 imo
1116 2623 1312 2724 pauperior
1341 2625 1527 2717 evaserat,
1550 2646 1601 2699 ex
1619 2624 1711 2700 bono

385 2755 423 2822 et
451 2768 570 2845 aequo
597 2767 705 2820 omne
732 2743 908 2834 debitum,
941 2744 1259 2820 consentientibus
1287 2743 1465 2846 syndieis,
1489 2746 1536 2821 ad
1561 2749 1711 2822 centum

386 2873 530 2940 scutata
557 2863 747 2937 redactum
775 2859 859 2938 fuit.

466 2978 685 3059 Confratres
711 3001 826 3071 vero,
858 3004 942 3055 cum
970 2977 1068 3055 illico
1096 2978 1237 3056 solvere
1265 2985 1413 3055 centum
1449 2982 1600 3058 scutata
1627 2980 1712 3058 Pn'·

307 3115 309 3120 ·
385 3099 555 3176 micerius
583 3097 767 3199 nequiret,
789 3097 984 3174 consilium
1014 3099 1192 3189 inierunt,
1230 3104 1271 3175 ut
1302 3123 1431 3176 census
1460 3100 1537 3176 sive
1564 3123 1710 3178 annuus

384 3219 525 3295 reditus
552 3222 782 3294 scutatorum
811 3216 850 3309 4,
874 3215 926 3292 50
954 3223 1155 3310 crearetur,
1189 3221 1233 3293 ad
1260 3216 1426 3294 favorem
1453 3218 1710 3300 Confraterni·

384 3337 488 3427 tatis,
519 3361 630 3438 super
657 3338 781 3427 dome,
810 3336 950 3412 duobus
979 3336 1226 3412 ambientibus
1254 3342 1462 3429 constante,
1495 3339 1642 3418 Natalis
1659 3341 1704 3418 P.

386 3457 558 3532 Moerens
587 3453 783 3531 homuncio
811 3455 873 3531 ille
902 3455 1118 3556 subscripsit
1145 3456 1393 3533 instrumento
1419 3482 1554 3534 nomen
1581 3483 1702 3538 suum:

385 3597 537 3676 seseque
565 3573 743 3676 obligavit
769 3573 808 3649 in
837 3572 957 3650 forma
986 3573 1101 3676 legis,
1134 3580 1171 3649 et
1199 3575 1443 3676 hypothecam
1472 3578 1707 3679 superdicta

384 3695 491 3770 domo
531 3693 726 3770 sustinuit.
771 3695 900 3771 Fiebat
936 3694 970 3770 id
1014 3696 1082 3770 sub
1109 3693 1220 3771 die6
1255 3697 1384 3772 Martii
1418 3695 1547 3791 18623
1579 3723 1706 3778 verum

384 3838 452 3891 nec
480 3837 554 3890 una
580 3813 715 3891 solutio
743 3815 856 3892 creati
885 3839 1016 3892 census
1046 3839 1160 3915 usque
1188 3814 1306 3890 adhuc
1334 3817 1431 3894 facta
1458 3817 1542 3894 fuit.
1565 3817 1621 3896 De
1641 3819 1709 3896 bac

385 3959 424 4011 re
443 3933 587 4010 Natalis
606 3937 652 4013 Ρ.
677 3931 904 4027 reclamavit,
930 3937 1112 4010 submissa
1132 3940 1255 4012 tamen
1276 3962 1376 4023 voce,
1400 3941 1515 4016 donec
1534 3939 1709 4017 vicarius

384 4051 600 4143 Generalis,
632 4053 696 4154 qui
725 4055 1002 4132 constitutionis
1042 4078 1174 4132 census
1212 4070 1341 4130 auctor
1367 4054 1509 4152 fuerat,
1542 4057 1707 4135 officium

384 4173 554 4250 amiserit
580 4179 618 4248 ct
645 4175 741 4251 alius
773 4176 943 4253 Vicarius
970 4175 1182 4278 eligeretur.
1216 4177 1375 4252 'landem
1397 4177 1540 4254 Natalis
1559 4182 1606 4256 Ρ.
1629 4203 1708 4256 con·

384 4290 468 4368 silio
509 4292 567 4369 sui
612 4291 801 4372 Ordinarii
848 4295 1056 4396 compulsus
1097 4297 1135 4372 S.
1181 4296 1225 4374 O.
1257 4296 1545 4396 Congregationi
1587 4322 1709 4399 preces

384 4409 531 4502 obtulit,
557 4414 597 4487 ut
624 4435 757 4490 census
786 4412 1037 4491 declararetur
1067 4414 1189 4489 nullus
1217 4414 1359 4490 defectu
1389 4427 1619 4492 numeratae
1642 4442 1708 4519 pr·

384 4537 538 4607 cuniae.
575 4531 787 4610 Declaravit
827 4533 984 4636 insuper
1029 4559 1108 4608 sose
1150 4535 1331 4636 imparem
1375 4531 1491 4608 luisse
1537 4533 1710 4612 solvendo
