3674 5210
351 174 394 242 46
905 210 1052 260 sorssors
1078 217 1101 265 r.

350 294 423 360 dem
448 307 621 376 contractu,
639 299 705 366 sive
729 303 858 370 aliunde
882 309 990 392 acqui-

349 400 444 468 situm
468 403 619 487 perdere,
635 417 688 472 aut
702 408 732 472 in
757 411 893 495 aliquam
910 431 990 498 poe-

349 529 421 575 nam
445 509 574 589 cadere,
600 533 640 578 ex
664 525 731 580 toto
754 517 864 594 nulla,
888 528 985 604 atque

349 617 435 684 irrita
460 637 540 684 esse.
568 623 703 687 densum
727 635 845 701 autem,
864 644 987 691 seuan·

349 745 446 791 nuum
472 726 633 812 redditum
664 730 786 795 nonnisi
813 732 843 795 in
870 753 903 796 re
928 733 982 796 irn-

347 833 470 909 mobili,
496 845 549 898 aul
573 853 653 919 quae
677 856 736 920 pro
761 837 913 904 immobili
931 839 985 904 ba-

348 940 460 1005 beatur
473 942 570 1006 exsui
584 933 692 1006 natura
707 941 985 1030 fructiferamque

348 1045 535 1108 nominatim
570 1047 663 1111 certis
687 1045 802 1114 finibus
825 1048 984 1137 designata

347 1151 398 1217 sit.
426 1151 489 1218 Sed
506 1143 575 1218 ‘nec
600 1156 736 1220 densum
772 1156 898 1240 ipsum,
925 1156 984 1223 nisi

348 1275 423 1322 vere
449 1257 480 1322 in
503 1259 636 1344 pecunia
654 1273 816 1327 numerata
836 1280 986 1347 praesen-

348 1363 430 1429 tibus
454 1365 601 1440 Notario,
628 1377 661 1430 et
684 1367 827 1432 Testibus
857 1367 890 1433 in
914 1378 984 1434 actu

347 1470 567 1537 celebrationis
591 1475 815 1553 instrumenti,
841 1493 905 1541 non
931 1496 987 1540 au-

348 1587 411 1644 tem
429 1579 517 1664 prius
533 1591 664 1664 recepto
681 1582 819 1670 integro,
838 1584 986 1667 iustoque

346 1685 562 1774 pretiooreari
574 1686 776 1753 constitutive
789 1689 877 1753 nullo
890 1685 986 1752 modo

348 1807 452 1874 posse.

392 1898 424 1960 ἲ.
451 1895 573 1962 Deinde
607 1916 668 1983 per
691 1899 847 1965 Dilectum
871 1899 986 1965 Filium

347 2001 510 2067 Octauium
535 2001 695 2088 Spinolam
725 2006 824 2092 Regni
860 2005 986 2074 Siciliae

349 2109 528 2194 Magistrum
552 2111 822 2176 Portulauumbac
840 2112 881 2177 de
896 2131 986 2178 causa

349 2214 388 2281 ad
411 2234 468 2280 nos
504 2213 714 2295 destinatum,
740 2219 918 2303 accepimus
952 2219 986 2284 in

348 2320 382 2386 d.
407 2325 517 2408 Regno
542 2320 664 2388 Siciliae
694 2324 880 2408 scrupulum
910 2343 983 2390 exo·

348 2426 416 2504 riri,
433 2447 471 2494 an
496 2447 603 2494 rerum
628 2429 862 2514 praedictarum
886 2431 986 2496 inlru-

348 2535 495 2600 ctuositas
535 2535 629 2601 etiam
667 2536 809 2615 annalis,
836 2547 890 2601 aut
912 2537 986 2602 alias

348 2642 530 2727 temporalis
556 2643 762 2730 intelligatur.

392 2751 424 2814 3.
450 2750 490 2811 Et
505 2765 544 2812 an
559 2768 617 2834 per
630 2747 806 2815 nullitatem
819 2760 986 2837 pactorum

347 2853 480 2920 aliorum
497 2853 747 2938 praedictorum,
762 2857 857 2921 etiam
871 2857 919 2922 ins
935 2876 988 2922 re-

348 2959 533 3044 cuperandi,
547 2961 614 3026 sive
632 2963 798 3049 repetendi
816 2965 984 3048 impensas,

348 3083 424 3151 quas
437 3066 703 3154 litigandooontra
712 3089 853 3136 morosos
862 3070 987 3157 praedi-

348 3183 432 3250 ctos,
457 3184 510 3238 aut
535 3186 722 3242 executores
737 3177 776 3243 ad
792 3197 904 3244 eorum
921 3178 988 3244 loca

349 3279 604 3359 transmittendo,
623 3292 676 3347 aut
699 3283 771 3349 alias
790 3301 828 3349 ex
846 3284 988 3351 iudicum

348 3385 496 3451 mandato
518 3387 624 3452 subire
641 3399 780 3475 oportet,
803 3390 976 3459 auferatur.

391 3495 423 3559 t.
450 3494 614 3559 Praeterea
645 3514 685 3561 an
721 3507 784 3563 um
818 3517 878 3584 pro
914 3499 989 3584 ipsis

348 3603 494 3686 expensis
518 3619 611 3686 quam
629 3604 722 3668 etiam
738 3621 800 3690 pro
816 3608 920 3672 censu
938 3625 990 3672 re-

346 3706 529 3794 cuperando
545 3717 653 3774 contra
672 3709 804 3776 tertium
827 3729 987 3796 possesso-

349 3830 419 3876 rem
442 3813 588 3895 procedit
606 3817 642 3878 Et
661 3815 755 3879 etiam
768 3814 984 3882 Fideiussores

348 3919 428 3998 dari,
443 3919 541 3986 aliave
556 3921 634 3985 bona
649 3922 771 4006 praedii
787 3926 890 3990 (lensu
915 3945 985 4012 gra·

347 4027 407 4091 vati
433 4025 604 4104 evictione,
623 4040 655 4092 et
680 4027 776 4114 ipsius
794 4033 912 4097 Census
934 4051 986 4097 so-

347 4133 467 4199 lutione
498 4133 725 4219 hypothecaril
749 4139 916 4223 Denique,
946 4158 982 4204 an

347 4241 466 4303 Census
495 4236 675 4306 huiusmodi
710 4261 810 4327 super
839 4244 983 4328 pluribus

348 4345 440 4412 rebus
454 4347 537 4412 inter
548 4367 581 4412 se
594 4347 701 4414 divisis
711 4353 858 4416 constitui
874 4355 984 4439 possitl

392 4457 423 4521 t.
450 4455 612 4520 Postremo
635 4475 673 4522 an
697 4456 742 4536 id,
759 4458 845 4542 quod
869 4459 909 4524 de
927 4478 981 4544 pe·

1042 317 1131 382 cunia
1157 329 1319 388 numerata
1344 321 1486 404 dicitur,
1511 328 1680 415 prohibeat

1043 426 1213 508 quominus
1247 429 1279 494 in
1314 429 1436 496 dotium
1472 435 1680 523 assignatione
1758 467 1761 474 ¹

1042 532 1160 596 Census
1184 537 1283 600 creari
1308 538 1430 622 possitt

1085 641 1117 701 6.
1144 639 1204 702 Nos
1220 639 1298 705 baec
1313 640 1506 722 discrimina,
1525 661 1679 732 quantum

1039 743 1071 807 in
1095 743 1186 808 nobis
1209 757 1268 823 est,
1290 748 1403 816 tollere
1427 754 1604 836 cupientes,
1633 767 1680 820 te-

1038 866 1116 914 nore
1143 854 1357 935 praesentium
1392 855 1586 924 declaramus
1611 881 1679 928 rem

1040 954 1276 1036 infructuosam,
1287 980 1369 1045 quae
1382 972 1457 1040 tola,
1471 968 1521 1032 vel
1536 985 1576 1032 ex
1589 979 1679 1051 parte

1040 1061 1231 1130 infructuosa
1254 1078 1414 1151 perpetuo
1437 1071 1595 1152 redditur,
1614 1094 1680 1140 non

1039 1180 1145 1235 autem
1169 1191 1208 1236 er
1232 1191 1292 1257 qua
1311 1173 1429 1242 tructus
1444 1195 1521 1255 uno,
1540 1179 1677 1258 duobus,

1039 1273 1250 1361 pluribusque
1267 1279 1368 1357 annis,
1385 1281 1452 1346 sire
1477 1294 1677 1370 tempestate,

1038 1383 1104 1446 sive
1120 1382 1182 1447 alio
1199 1401 1270 1449 casu
1286 1403 1350 1452 non
1368 1390 1574 1472 proveniunt,
1593 1393 1676 1457 salva

1040 1487 1096 1552 alia
1121 1488 1197 1554 iuris
1213 1494 1389 1557 communis
1406 1491 1614 1580 dispositione
1632 1499 1679 1562 in-

1040 1595 1140 1680 telligi
1166 1595 1299 1665 debere.

1085 1703 1116 1764 7.
1142 1705 1527 1774 Praeterea-exactionem
1553 1710 1678 1776 illarum

1040 1825 1250 1891 expensarum
1273 1810 1449 1894 probiberi,
1465 1833 1546 1901 qnae
1572 1834 1609 1880 ex
1624 1836 1677 1901 pa·

1039 1922 1103 1988 oto,
1128 1913 1181 1978 vel
1204 1917 1419 1984 conventione
1451 1929 1571 1986 tantum
1595 1923 1681 1988 inter

1040 2021 1261 2086 contrahentes
1286 2024 1384 2104 inita,
1410 2036 1444 2091 et
1467 2027 1679 2097 instrumento

1041 2127 1158 2192 Census
1187 2129 1367 2214 specialiter
1405 2135 1566 2219 appositae
1590 2134 1679 2202 refici

1039 2234 1280 2318 permittuntur,
1302 2255 1367 2303 non
1389 2250 1494 2304 autem
1512 2260 1579 2317 eae,
1598 2262 1681 2327 quae

1040 2357 1080 2402 ex
1103 2337 1178 2404 dicti
1204 2341 1281 2406 iuris
1303 2340 1512 2428 dispositione
1529 2361 1682 2432 repeten-

1040 2442 1097 2509 dae
1132 2445 1290 2524 roniunt,
1326 2459 1360 2516 et
1383 2450 1530 2518 mandato
1566 2453 1681 2522 iudicis

1039 2546 1273 2619 adiudicantnr.

1084 2659 1116 2721 8.
1143 2659 1311 2726 Caeterum
1346 2659 1561 2731 Fideiussores
1596 2663 1678 2747 dari,

1039 2763 1139 2829 aliave
1162 2763 1242 2830 bona
1259 2764 1465 2856 bypotbecari
1481 2789 1541 2856 pro
1556 2770 1678 2858 praedii

1041 2871 1145 2935 denso
1157 2872 1276 2955 gravati
1291 2873 1463 2952 evictione,
1479 2886 1532 2941 ant
1546 2876 1572 2941 si
1587 2896 1682 2963 prae-

1040 2973 1130 3040 dium
1161 2977 1193 3042 in
1223 2977 1320 3046 alium
1355 2980 1546 3060 devenerit,
1579 2993 1632 3048 aut
1653 2985 1680 3050 si

1040 3081 1153 3167 aliquis
1187 3085 1301 3152 tertius
1323 3087 1503 3156 Fideiussor
1527 3090 1680 3158 interces-

1040 3189 1127 3266 serit,
1145 3189 1276 3257 tertium
1297 3210 1524 3277 possessorem,
1542 3197 1594 3261 vel
1612 3196 1681 3263 eius

1040 3294 1123 3360 bona
1147 3294 1277 3385 obligari
1302 3299 1433 3365 minime
1458 3301 1678 3385 probibemus.

1041 3401 1122 3464 llaec
1156 3411 1261 3470 antem
1298 3405 1400 3469 omnia
1423 3424 1483 3490 pro
1518 3409 1678 3475 evictione

1041 3505 1214 3586 dumtaxat,
1228 3527 1293 3575 non
1305 3521 1410 3576 autem
1426 3512 1585 3579 solutione
1602 3533 1682 3602 poe-

1040 3631 1099 3679 nae
1122 3613 1293 3682 adiudicari
1318 3636 1410 3703 posse
1437 3620 1654 3707 intelligimus.

1083 3721 1116 3786 9.
1142 3725 1303 3788 Postremo
1322 3724 1353 3788 in
1370 3725 1496 3790 [lotium
1520 3729 1679 3814 assignan-

1040 3825 1150 3892 darum
1174 3845 1246 3895 casn
1270 3831 1431 3896 censuum
1465 3833 1677 3910 erectionum,

1039 3945 1071 3998 et
1083 3935 1341 4001 constitutionem
1359 3937 1553 4021 praedictam
1570 3957 1682 4023 respe-

1038 4049 1089 4104 ctu
1113 4039 1242 4106 actualis
1256 4043 1484 4109 numerationis
1497 4063 1602 4110 coram
1618 4047 1682 4110 No·

1038 4145 1129 4220 tario,
1156 4154 1188 4210 et
1212 4145 1355 4212 testibus
1387 4146 1548 4214 faciendae
1572 4151 1679 4216 locum

1038 4269 1102 4316 non
1118 4251 1244 4316 babere.
1264 4250 1327 4317 Sed
1345 4252 1376 4317 in
1392 4253 1453 4320 boo
1470 4273 1542 4319 casu
1557 4258 1679 4323 Census

1039 4357 1122 4442 ipsos
1145 4357 1239 4421 etiam
1263 4359 1396 4444 pecunia
1410 4358 1448 4424 ad
1465 4379 1592 4425 manum
1611 4383 1679 4430 non

1039 4462 1139 4528 babita
1165 4463 1264 4528 creari
1288 4481 1379 4548 posse
1404 4463 1609 4533 declaramus.
