3670 5222
361 225 423 296 im
644 246 836 295 rosrutltuu
862 246 945 294 cinca
970 245 1141 294 CONCURSUS
1164 247 1203 292 lo
1228 246 1387 294 unuoectls

439 344 501 420 Ad
526 344 552 422 I
572 345 799 447 affirmative

440 468 500 546 Ad
526 467 572 544 II
589 473 751 567 procum
776 464 918 542 Curiae
942 465 982 542 C.
996 475 1118 568 prout
1130 472 1368 568 proponitur
1385 469 1537 542 servari
1549 492 1678 569 posse.

435 587 499 666 Ad
526 584 591 663 III
612 583 846 689 Episcopum
873 611 949 658 rum
978 591 1103 660 teneri
1131 585 1183 660 od
1211 586 1438 687 ett'peudum
1476 597 1681 688 tamquam

358 711 595 815 dipaiorem,
625 733 738 810 quem
765 706 1070 784 cauponatores
1089 713 1239 783 maiori
1274 711 1567 810 safflupiorom
1603 734 1683 783 rtu-

357 851 463 909 66666
492 828 770 933 adprobarem.

622 947 681 1025 Ex
709 970 838 1034 oureus
866 969 1040 1024 COLLIGES

438 1070 467 1148 l.
498 1067 558 1146 lux
593 1068 740 1142 decreto
768 1065 922 1144 Concilii
953 1068 1056 1142 'l'rid.
1090 1067 1193 1143 Sess.
1234 1066 1293 1144 24
1322 1094 1404 1169 cop.
1446 1067 1503 1143 la
1532 1069 1577 1142 de
1604 1073 1679 1168 ref.

358 1189 438 1267 erui
467 1187 625 1265 edictum
655 1189 701 1264 ad
738 1209 956 1263 concursum
985 1186 1084 1262 haud
1114 1211 1194 1262 esse
1213 1187 1377 1287 praecise
1406 1190 1679 1264 necessarium:

360 1309 518 1386 habetur
545 1306 643 1383 enim
677 1334 695 1379 c
728 1306 779 1382 ibi
816 1304 904 1384 ›Et
922 1315 959 1385 si
980 1307 1167 1410 Episcopo
1196 1319 1264 1384 aut
1284 1308 1437 1408 Spoodo
1456 1315 1685 1412 prouincia·

359 1431 415 1512 u,
437 1453 515 1531 pro
544 1432 721 1530 repioots
757 1451 864 1502 more
891 1429 1087 1504 uidebitur
1115 1435 1245 1532 mepta·
1274 1430 1469 1532 empedirc,
1499 1455 1574 1531 por
1603 1431 1685 1506 odi·

359 1560 461 1624 ctum
489 1552 608 1624 etiam
626 1546 832 1650 publicum
859 1559 1041 1623 vocentur
1070 1556 1139 1650 qui
1164 1549 1289 1623 colent
1308 1556 1545 1625 examinari.

439 1667 485 1744 II.
517 1668 628 1744 Haud
658 1691 704 1742 ex
724 1668 1014 1770 iurisprudentia
1041 1693 1221 1746 canonum
1253 1671 1535 1746 determinatum
1569 1671 1685 1746 fuisse

360 1793 498 1894 quanto
517 1795 681 1888 tempore
699 1786 856 1863 edictum
889 1813 1035 1864 manere
1066 1791 1196 1865 debeat
1223 1787 1391 1878 affixum;
1421 1792 1484 1867 sed
1513 1789 1681 1866 sufficere

361 1917 403 1988 ut
432 1910 579 1985 maneat
608 1931 671 2008 per
698 1906 846 2008 aliquod
873 1912 1020 2008 tempus
1048 1913 1125 1984 tam
1160 1911 1204 1984 ad
1246 1907 1384 1984 Valvas
1416 1899 1677 2002 C'athedraliS,

361 2053 470 2131 quarn
501 2030 545 2104 ad
574 2025 777 2105 Ecclesiam
807 2026 975 2104 beneficii
1004 2027 1228 2105 conferendi.

442 2147 505 2226 lll.
537 2148 771 2247 proindeque
806 2146 867 2222 illa
906 2149 1015 2224 verba
1042 2149 1178 2226 decreti
1207 2147 1362 2226 Concilii
1401 2149 1684 2250 Compestellani

358 2296 431 2374 per
458 2274 602 2371 oipiatc'
630 2269 714 2344 dies
741 2269 793 2342 acl
821 2273 1030 2344 ott'nl'mum
1049 2269 1297 2372 proofipotur
1324 2269 1519 2371 designare
1556 2269 1687 2344 termi-

363 2415 450 2467 num
481 2389 602 2479 edicti‚
636 2411 712 2463 non
740 2391 861 2464 autem
889 2392 1035 2490 tempus
1064 2388 1263 2467 affixionis.

445 2510 512 2586 lV.
544 2506 602 2582 Ex
621 2506 787 2609 praelato
807 2507 1012 2582 Tridentini
1032 2509 1179 2584 decreta
1199 2506 1319 2611 colligi
1342 2509 1451 2584 etiam
1469 2511 1564 2608 quod
1582 2509 1688 2586 uxa-

366 2629 565 2705 minatores
584 2651 650 2729 pro
671 2625 904 2701 conferendis
924 2626 1105 2727 paroeciis
1125 2627 1221 2702 haud
1242 2653 1322 2702 esse
1336 2627 1480 2729 possint
1496 2629 1688 2728 pauciores

365 2773 478 2850 quam
505 2747 639 2839 tribus,
671 2751 895 2822 nouantem
925 2745 1160 2846 quodiidem
1193 2748 1358 2847 praecise
1395 2756 1469 2821 tres
1509 2771 1590 2823 esse
1630 2750 1686 2823 de-

366 2871 494 2944 beant.

449 2987 495 3063 V.
527 2986 746 3086 Episcopum
768 2987 806 3056 et
824 2983 902 3059 eius
924 2983 1112 3061 Vicarium
1142 2987 1230 3059 voto
1258 2983 1420 3060 decisivo
1448 3009 1572 3060 carere
1601 2986 1687 3061 dum

366 3114 500 3214 agatur
526 3113 571 3186 de
598 3107 858 3185 constituenda
887 3109 1183 3185 concurrentium
1213 3108 1431 3201 idoneitate;
1461 3113 1523 3187 sed
1543 3111 1687 3188 eosdem

367 3253 473 3334 posse
500 3235 642 3305 tantum
674 3229 846 3304 accedere
875 3227 937 3303 ubi
968 3237 1053 3303 vota
1081 3230 1172 3304 sunt
1190 3231 1293 3329 paria
1321 3229 1380 3305 vel
1409 3227 1624 3330 singularia.

450 3349 513 3427 Vl.
546 3351 645 3425 Vota
682 3349 754 3424 dici
784 3346 990 3448 singularia
1018 3373 1099 3423 cum
1130 3349 1286 3451 quisque
1314 3350 1548 3424 examinator
1569 3372 1684 3423 unum

368 3471 558 3573 approbet,
590 3469 641 3544 ita
670 3480 710 3543 ut
738 3466 875 3569 singuli
905 3467 1069 3566 einp-ulos
1098 3470 1318 3569 approbent.

448 3587 530 3666 VII.
565 3587 715 3664 Praxim
746 3587 880 3666 Curiae
910 3588 952 3665 (l.
976 3585 1075 3662 haud
1099 3589 1286 3688 reprobari
1308 3589 1472 3688 potuisse
1492 3587 1578 3661 dum
1600 3583 1691 3684 upi-

368 3735 500 3812 scopus
528 3705 587 3782 vel
614 3709 692 3784 eius
713 3709 747 3781 V
751 3707 886 3784 icarius
906 3711 1080 3785 accedant
1099 3705 1404 3785 Examinatorum
1425 3705 1521 3782 votis
1540 3730 1583 3780 eo
1602 3728 1690 3780 con-

367 3829 463 3920 silio,
497 3835 538 3903 ut
566 3828 759 3929 paritatem
794 3833 859 3904 aut
892 3827 1186 3928 singularitatem
1219 3827 1409 3916 dirimant;
1446 3825 1690 3926 quodconso-

367 3956 433 4025 nat
460 3948 544 4026 aliis
571 3948 608 4024 S.
641 3945 685 4024 C.
717 3947 875 4025 Concilii
904 3947 1198 4024 resolutionibus.

449 4068 549 4146 Vlll.
581 4064 865 4143 Examinatores
897 4091 1002 4167 posse
1031 4076 1174 4143 tantum
1204 4067 1423 4144 renunciare
1443 4068 1534 4165 quot
1553 4061 1691 4139 luerint

367 4189 504 4288 reperti
533 4188 671 4279 idonei,
703 4210 776 4261 non
806 4211 893 4262 vero
922 4185 1114 4285 designare
1143 4188 1364 4286 digniorenn
1397 4208 1509 4285 quum
1539 4183 1621 4284 ipsa
1649 4181 1688 4257 S.

367 4307 460 4384 QG.
493 4308 532 4382 in
562 4329 634 4380 una
664 4305 820 4382 abulen.
853 4305 1094 4384 declaraverit
1121 4331 1197 4380 noo
1227 4315 1396 4407 spectare
1416 4303 1468 4378 od
1487 4308 1689 4378 666666666-

369 4439 469 4502 rores
496 4425 564 4500 scd
590 4424 642 4499 act
671 4423 903 4531 Episcopum
932 4426 1076 4529 clz'pcrc
1106 4451 1155 4501 eoo
1184 4426 1407 4527 approbatis
1446 4427 1575 4524 mepta·
1614 4421 1692 4497 ido·

373 4573 506 4624 neom.
620 4600 624 4606 ·
