3622 5232
558 273 807 324 ursturnurtunu!
829 275 868 324 nr
884 269 1004 324 ‹rnetrud
1397 245 1443 331 Si

132 397 298 486 tauiquara
329 383 562 464 Oanonioum
590 407 683 485 pure
709 386 750 459 et
777 383 996 484 simpliciter
1037 382 1277 462 honorarium
1311 381 1439 462 Eucle-

130 507 195 580 siae
219 503 428 582 Gathedrali
460 503 658 598 inservire,
680 506 719 579 et
745 502 840 580 nihil
868 503 1019 580 omnino
1048 527 1096 578 ex
1128 504 1357 584 Canonioatu
1383 503 1441 580 lu-

129 621 223 696 crari.
244 621 347 710 Quae
375 622 417 700 in
445 621 501 700 Μ.
536 621 636 698 lucra
663 623 777 700 habet
804 647 850 700 ex
891 647 1002 726 opere
1042 623 1193 726 proprio
1235 621 1440 700 Antonium

129 763 294 816 nancisci.

221 861 289 937 His
307 859 397 938 hino
424 860 507 938 inde
527 859 767 962 praemonitis
786 861 1104 939 Eminentissimis
1123 861 1300 938 Patribus
1318 857 1443 938 oblata

126 985 206 1056 sunt

220 1326 249 1405 l.
272 1327 336 1403 Aa
370 1323 588 1404 Canonicus
607 1325 856 1403 Honorarius
874 1333 1021 1430 quotics
1031 1351 1218 1432 praeseus
1237 1337 1293 1406 est
1310 1331 1355 1402 iri
1372 1322 1446 1404 Eo·

124 1449 231 1524 clesia
258 1447 474 1552 Receptitio
500 1454 609 1524 toties
636 1447 926 1525 distributiones
940 1459 1020 1526 tout
1039 1460 1164 1526 certos
1182 1473 1301 1554 quom
1320 1453 1446 1524 incer-

122 1573 179 1638 tos
204 1566 377 1641 lucretur
404 1571 449 1642 in
476 1589 582 1641 casu.

221 1681 272 1762 Et
299 1695 491 1788 quotemes
518 1683 758 1786 offirrnotioe.

221 1804 266 1881 ll.
292 1803 356 1880 Aa
375 1805 545 1879 Antonio
567 1828 666 1880 ones
684 1811 737 1883 sit
747 1806 986 1909 procidendi
1006 1803 1153 1882 Missos
1174 1807 1371 1880 ternatim
1389 1825 1446 1876 oe-

122 1923 338 2010 tetrantes,
360 1925 611 2023 functionum
639 1932 720 1999 tam
756 1934 970 2007 certorum,
989 1949 1108 2028 quom
1135 1924 1444 1999 adventitiorum

119 2068 236 2120 ceusu.
265 2068 308 2118 m
335 2068 442 2118 caree.

224 2161 284 2238 lll.
310 2163 373 2238 Aa
400 2162 468 2238 loe
495 2187 610 2240 onem
636 2170 792 2250 reiecto,
810 2169 875 2242 ius
902 2170 955 2242 sit
974 2165 1028 2244 od
1046 2163 1223 2241 redditus
1234 2165 1447 2265 perceptio-

117 2309 204 2358 nem
232 2288 275 2358 in
304 2307 411 2360 casu.

222 2401 336 2480 Sacra
361 2401 611 2504 congregatio
652 2405 692 2481 in
733 2405 892 2482 comitiis
927 2403 1002 2484 diei
1030 2401 1056 2479 8
1082 2401 1167 2481 Iulii
1206 2395 1304 2476 1876
1330 2416 1447 2476 czrusa

116 2523 268 2628 cognita
293 2525 405 2604 dubia
432 2525 640 2608 dirimenda
669 2531 815 2614 censuit
843 2552 1018 2632 responso

222 2647 280 2722 Ad
307 2646 338 2723 Ι.
361 2646 605 2750 Affirmotioe
633 2661 667 2725 et
696 2651 880 2752 amplios.

221 2766 278 2841 nd
306 2765 352 2842 ll.
376 2768 616 2869 Affirmetioe
643 2775 724 2846 sive
744 2796 820 2872 per
846 2793 886 2846 se
913 2773 995 2846 siue
1014 2795 1089 2870 per
1118 2770 1259 2850 otium,
1281 2773 1447 2869 acceptis·

113 2886 352 2971 adventitiis,
377 2887 532 2988 quondo
560 2913 640 2963 non
667 2901 721 2966 est
743 2913 931 2992 praesens
959 2898 995 2964 et
1023 2889 1211 2989 emplius.

221 3008 280 3082 Ad
311 3006 372 3083 lll.
395 3007 610 3086 Provisum
637 3015 682 3086 ia
705 3009 1042 3114 praecedentibus

328 3191 388 3271 nx
415 3215 474 3270 urs
501 3216 651 3272 namne
678 3218 847 3273 rornnrs.

221 3363 250 3442 l.
273 3365 565 3442 Distributiones
586 3367 668 3444 ideo
688 3369 852 3444 statutas
871 3366 999 3461 fuisse,
1022 3369 1066 3444 ut
1085 3367 1130 3443 ad
1148 3365 1249 3442 chori
1272 3365 1447 3468 frequen·

113 3485 204 3560 tiara
233 3483 456 3586 capitulares
485 3484 733 3564 allicerentur.

222 3604 267 3681 ll.
291 3605 386 3682 Cum
414 3604 511 3682 ratio
538 3605 811 3684 distributionis
839 3605 1090 3685 concedendae
1109 3605 1147 3680 in
1168 3603 1378 3705 frequentia
1401 3603 1447 3682 ad

113 3723 263 3801 chorale
305 3725 501 3802 servitium
541 3725 745 3818 consistat,
782 3749 844 3804 eas
884 3725 1009 3803 deberi
1052 3723 1360 3802 interessentibus
1401 3745 1447 3802 ac

112 3845 373 3945 praesentibus
400 3842 533 3922 officiis
561 3844 712 3922 divinis.

220 3961 283 4042 111.
307 3963 390 4040 Ideo
417 3963 460 4042 in
487 3963 567 4042 inre
594 3968 785 4067 receptum
828 3964 942 4042 fuisse
982 3961 1262 4042 distributiones
1303 3963 1448 4042 clericis

112 4085 236 4162 deberi
265 4107 341 4164 nou
368 4089 537 4187 respectu
566 4085 679 4176 tituli,
700 4088 761 4162 sed
793 4087 936 4161 ratione
980 4085 1108 4162 habita
1148 4084 1290 4162 servitii
1320 4110 1449 4188 perso·

112 4205 225 4297 natis,
248 4203 427 4282 nimirum
453 4205 601 4282 ratione
628 4205 749 4309 operis
777 4209 814 4282 et
845 4205 982 4282 laboris
1021 4203 1178 4308 impensi
1213 4205 1254 4283 in
1280 4204 1446 4283 Ecclesia

111 4321 274 4404 Christi.

217 4443 284 4520 IV.
307 4443 408 4524 Hinc
435 4469 520 4522 eum
548 4443 660 4522 etiarn
688 4445 749 4546 qui
771 4444 809 4521 in
831 4470 902 4523 una
928 4443 1096 4524 Ecclesia
1114 4443 1332 4522 beneficium
1362 4468 1446 4547 pos-

111 4561 219 4648 sidet,
242 4561 280 4640 in
308 4562 385 4644 alia
410 4589 500 4640 vero
527 4563 706 4642 Oanonici
737 4563 935 4642 llonorarii
964 4562 1073 4641 titulo
1114 4562 1329 4664 insignitur.
1352 4587 1443 4664 quo-

186 4683 266 4749 Λεία,
280 4683 353 4736 Pon.
370 4685 405 4735 1.
421 4685 493 4748 sm.
508 4683 565 4735 ΟΧ.
1307 4685 1324 4734 ὃ
