3670 5222
374 241 438 303 1²⁸2
772 264 862 313 surm
890 266 1089 312 euunnosrms
1113 265 1257 314 urssaeun

362 364 460 441 enirn
488 361 743 462 eleemosynae
773 362 1014 439 retributione
1044 385 1109 464 pro
1138 364 1337 441 Missurum
1366 363 1638 457 celebratione,
1673 392 1695 441 a

362 483 515 560 remotis
545 506 659 582 usque
688 484 912 584 temporibus
941 481 1064 584 plures
1092 484 1228 559 abusus
1272 483 1498 586 irrepserant
1525 511 1571 562 ex
1606 511 1696 561 ava-

363 605 451 680 ritia
479 603 642 694 illorum,
675 603 739 704 qui
767 603 995 680 occasionem
1025 604 1157 681 exinde
1186 609 1422 707 sumpserunt
1450 607 1571 710 turpis
1598 607 1692 684 lucri

363 728 402 801 et
429 728 622 824 quaestus.

444 839 500 917 nx
531 841 631 918 bisce
659 865 748 942 ergo
775 867 871 942 quae
912 842 1213 944 praemonuimus
1255 843 1362 923 facile
1403 843 1528 947 colligi
1570 851 1694 948 potest

361 963 460 1042 haud
489 985 568 1042 esse
597 961 688 1036 satis
715 965 834 1038 tutam
863 961 1162 1038 consuetudinem
1191 964 1235 1040 de
1262 990 1335 1066 qua
1362 987 1482 1042 sermo
1515 973 1582 1042 est.
1602 967 1694 1044 nu-

361 1085 441 1162 nim
471 1084 716 1186 pereundam
745 1079 789 1157 fit
814 1081 912 1182 quod
940 1104 1005 1181 pro
1034 1083 1144 1158 unica
1172 1083 1300 1173 Missa,
1332 1109 1426 1184 quae
1454 1087 1628 1160 cantatur
1657 1083 1694 1159 in

361 1203 421 1281 die
448 1199 817 1281 Oomnrernoratiouis
844 1199 1007 1277 omnium
1037 1198 1217 1276 Fidelium
1246 1201 1512 1280 Defunctorum
1550 1203 1694 1306 impen-

361 1325 471 1399 datur
499 1319 766 1398 universalia
793 1319 1016 1396 contributio
1044 1344 1067 1395 a
1094 1319 1401 1398 Obristifidelibus
1422 1321 1548 1415 facta3
1580 1347 1693 1423 quae-

361 1464 433 1540 que
462 1459 641 1512 summam
671 1435 761 1512 adeo
790 1437 976 1536 ingentem
1005 1437 1216 1528 constituit,
1249 1441 1293 1514 ut
1320 1437 1481 1538 plurium
1517 1445 1696 1515 centena-

361 1582 442 1634 rum
471 1558 670 1636 Missurum
700 1554 951 1654 eleemosynas
979 1551 1085 1632 facile
1099 1564 1296 1658 exaequet.
1318 1557 1369 1633 nt
1397 1559 1498 1636 bisce
1523 1560 1694 1636 omnibus

256 1767 262 1780 Ι
361 1677 563 1756 addendum
593 1677 772 1777 estquod
800 1673 925 1753 forsan
952 1674 1041 1753 huic
1067 1675 1123 1752 rei
1150 1677 1250 1754 haud
1287 1679 1541 1780 acquiesceret
1576 1677 1695 1778 pluri-

365 1821 507 1874 morum
536 1795 846 1872 contribuendum
889 1794 1086 1890 voluutas,
1118 1801 1303 1898 quatenus
1340 1799 1411 1875 rite
1452 1799 1695 1875 edocerentur

363 1917 555 1994 animabus
582 1915 619 1992 iu
650 1916 875 2018 Purgatorio
903 1917 1148 1993 existentibus
1187 1915 1317 1995 melius
1346 1919 1535 2019 provisum
1577 1919 1621 1994 iri
1662 1920 1693 1994 si

364 2036 486 2138 plures
515 2035 652 2111 Missae
695 2035 807 2110 etiam
849 2037 958 2110 extra
1000 2033 1149 2111 unicum
1186 2035 1281 2112 diem
1321 2036 1694 2115 Gornmemcrationis

364 2156 538 2234 Omnium
566 2153 746 2231 Fideliurn
777 2152 1041 2231 Defunctorum
1070 2154 1108 2230 iu
1135 2156 1342 2232 eorumdem
1381 2153 1596 2258 suffragium
1628 2183 1695 2257 ap-

366 2277 608 2380 plicarentur,
639 2275 836 2351 distributa
864 2300 995 2377 nempe
1022 2273 1089 2352 illa
1117 2277 1291 2378 pecuniae
1318 2301 1463 2354 summa
1491 2277 1530 2353 in
1571 2277 1694 2380 plures

367 2399 619 2499 eleemosynas
646 2395 752 2471 iuxta
769 2385 902 2472 texam
931 2395 1200 2474 dioecesanam.

444 2524 539 2593 Ante
568 2515 754 2593 saeculum
783 2515 1116 2592 decimumtertium
1146 2517 1271 2619 opinio
1297 2519 1444 2619 quidem
1489 2517 1693 2593 inoleverat

361 2641 456 2740 quod
487 2638 666 2714 Sacerdos
694 2635 803 2712 unico
831 2634 1013 2712 sacrificio
1042 2631 1254 2712 satisfacere
1283 2641 1406 2739 posset
1426 2661 1490 2738 pro
1510 2634 1690 2739 pluribus,

364 2783 387 2830 a
414 2756 548 2858 quibus
567 2761 778 2831 consuetam
801 2755 1004 2856 accepisset
1021 2754 1309 2859 eleemosynam.
1335 2754 1509 2832 Nonnulli
1529 2755 1695 2854 theologi

362 2874 532 2976 quamvis
559 2873 729 2950 sacrificii
758 2873 918 2951 fructum
948 2873 1068 2974 quoad
1096 2873 1267 2952 effectum
1306 2875 1450 2950 finitum
1480 2897 1560 2948 esse
1602 2871 1695 2946 fate-

361 3002 514 3084 rentur,
548 2995 794 3070 censebantur
822 2998 944 3068 tamen
973 2995 1068 3094 quod
1097 2992 1185 3068 illud
1228 2993 1392 3094 pluribus
1435 2992 1691 3094 applicatum,

363 3139 478 3216 aeque
506 3112 665 3214 singulis
693 3114 891 3213 prodesset,
926 3113 1026 3187 acsi
1056 3113 1118 3188 uni
1148 3115 1294 3188 tantum
1325 3111 1573 3214 applicaretur
1598 3135 1607 3199 ;
1640 3111 1697 3185 in-

366 3239 445 3310 star
473 3234 567 3310 radii
595 3232 757 3324 solaris,
790 3232 850 3331 qui
881 3231 1051 3332 quamvis
1079 3229 1206 3308 finitus
1235 3232 1307 3320 sit,
1342 3255 1455 3331 aeque
1483 3235 1608 3305 tamen
1658 3233 1694 3304 in

365 3379 478 3430 uuum
499 3379 541 3430 ae
554 3352 593 3428 in
612 3352 748 3428 multos
769 3374 848 3426 sese
867 3347 1037 3426 effundit.
1062 3344 1182 3439 Quam
1201 3351 1419 3427 seutentiam
1450 3352 1697 3426 damnaverat

364 3475 569 3553 Concilium
600 3475 863 3549 Lambcrtense
892 3471 1116 3548 celebratum
1145 3495 1243 3548 anno
1273 3471 1394 3550 1282
1422 3497 1504 3576 erp.
1521 3469 1696 3551 2decar-

362 3619 474 3671 ueus.
509 3624 525 3663 ‹
561 3593 640 3669 Nec
685 3592 816 3667 credat
867 3589 1071 3668 Celebrous
1117 3615 1157 3666 se
1186 3591 1346 3666 diceudo
1376 3590 1545 3666 Missum
1574 3615 1697 3663 uuum

358 3734 471 3814 posse
499 3712 726 3810 satisfacere
755 3733 833 3810 pre
862 3707 1013 3784 duobus
1033 3762 1048 3789 ‚
1071 3730 1146 3807 pro
1191 3731 1266 3807 quo
1305 3715 1466 3806 utroque
1504 3710 1695 3805 promisit

362 3829 609 3931 specialiter,
638 3837 672 3903 ei
700 3832 738 3900 iu
768 3829 937 3902 retiolum
966 3825 1156 3900 celebrare
1161 3882 1292 3901 ........
1299 3825 1409 3899 Aban
1448 3829 1551 3898 euim
1588 3849 1636 3897 ue
1673 3850 1697 3896 u

362 3968 557 4047 quoquam
585 3944 767 4018 catholico
787 3943 969 4018 credatur
982 3948 1135 4016 tautum
1155 3946 1365 4017 intentione
1375 3938 1560 4041 prodesse
1597 3938 1698 4015 Mis-

362 4087 449 4138 som
477 4087 599 4136 uuam
628 4062 755 4137 deuote
781 4061 1009 4136 celebratum
1037 4059 1143 4134 mille
1171 4057 1391 4133 bouu'uibus
1412 4117 1424 4141 ,
1447 4083 1524 4161 pro
1552 4059 1695 4159 quidus

360 4186 502 4283 foranu
530 4179 690 4266 dicitur,
720 4189 910 4282 quantum
939 4184 976 4252 si
1006 4177 1116 4252 Mille
1147 4178 1291 4252 Missae
1311 4201 1387 4279 pro
1416 4185 1472 4252 eis
1500 4178 1698 4254 devotione

363 4299 490 4375 sinuli
517 4309 764 4375 rauereutur.
795 4297 901 4373 Licet
932 4304 1061 4398 ipsura
1088 4297 1343 4397 ‚rccrrfiriuuu
1373 4295 1477 4397 quod
1503 4306 1558 4370 est
1583 4297 1699 4373 Cirri-

363 4429 461 4499 sius,
492 4423 545 4494 sit
573 4419 749 4518 iufiuitce
775 4420 964 4495 cuiuis.
992 4440 1072 4490 nou
1101 4427 1226 4490 {cruere
1270 4420 1313 4490 iu
1358 4415 1561 4514 Sacrificio
1602 4441 1697 4490 strue

366 4544 641 4613 iruniensitub's
668 4561 862 4614 summum
888 4535 1169 4640 plenitudinem
1189 4545 1384 4636 (peretur.
1419 4535 1605 4636 Alioquin
1620 4561 1697 4637 pro

361 4681 441 4732 uno
472 4668 624 4734 mortuo
652 4679 867 4758 numquam
897 4663 1083 4756 oporteret
1110 4660 1193 4727 uisi
1218 4677 1343 4730 urrant
1365 4655 1531 4730 Missum
1551 4656 1694 4732 dicere.
