3622 5232
364 207 426 280 ild
780 225 872 282 surm
898 227 1097 280 immensius
1121 227 1266 282 russina!

441 323 501 399 111.
536 321 683 398 utentur
712 321 881 424 quamvis
916 321 1139 398 sacrificium
1179 323 1314 398 Missae
1341 321 1391 397 sit
1418 315 1571 396 virtutis
1613 315 1690 396 infi-

361 444 475 538 nitae,
507 447 632 520 terren
660 441 846 535 OhristuS,
877 441 940 543 qui
969 446 1026 518 est
1054 443 1147 519 idem
1178 441 1429 534 sacrificium,
1462 466 1535 518 non
1563 466 1694 544 opera-

361 572 422 641 tur
450 589 631 641 summam
660 590 750 641 suae
778 563 1044 640 immensitatis
1073 563 1351 665 plenitudinem,
1374 565 1493 639 sedin
1514 556 1694 639 eiusmodi

362 683 553 786 mysteriis
582 689 757 784 operatur
785 689 886 759 certa
913 682 1174 760 distributione
1201 708 1290 759 suae
1330 681 1584 785 plenitudine,
1619 680 1697 782 lege

363 799 547 878 infallibili
579 803 714 879 eisdem
744 803 909 907 alligata.

439 917 509 995 IV.
543 919 810 994 Verumtamen
838 917 947 996 licere
975 917 1162 996 Sacerdoti
1195 919 1329 1018 cuique
1367 917 1491 1020 plures
1529 914 1697 1016 accipere

361 1035 614 1138 eleemosynas
643 1063 708 1138 pro
737 1039 847 1114 unica
875 1037 1013 1129 Missa,
1046 1041 1190 1138 quoties
1218 1039 1253 1114 id
1282 1033 1454 1114 noverint
1481 1033 1697 1126 offerentes;

362 1179 477 1258 quum
506 1157 605 1232 enim
634 1157 740 1234 dolus
767 1161 805 1233 et
832 1157 1098 1236 circumventio
1126 1160 1224 1235 absit
1264 1183 1372 1235 omne
1414 1160 1563 1258 pactum
1601 1156 1700 1232 inter

363 1277 596 1353 Sacerdotem
627 1282 662 1352 et
690 1276 889 1352 offerentes
917 1275 1043 1354 haberi
1073 1279 1180 1354 debet
1208 1278 1347 1354 licitum
1388 1284 1497 1378 atque
1540 1278 1697 1352 iustum.

446 1398 493 1473 V.
525 1395 610 1473 Illos
639 1422 819 1499 nunrque,
853 1397 915 1496 qui
946 1395 1084 1497 singuli
1113 1399 1260 1500 integra
1288 1397 1448 1475 offerant
1484 1397 1696 1496 stipendia,

363 1522 403 1593 et
429 1517 594 1593 conteuti
624 1516 700 1593 sint
727 1525 767 1593 ut
797 1541 863 1618 pro
890 1517 1020 1618 seipsis
1049 1518 1218 1595 omnibus
1247 1544 1321 1595 una
1340 1517 1545 1619 applicetur
1564 1516 1697 1606 Missa,

365 1637 514 1740 perinde
543 1661 652 1738 agere
681 1661 725 1712 ac
752 1637 781 1711 si
810 1661 857 1714 ex
887 1661 987 1712 mera
1005 1636 1228 1714 liberalitate
1248 1641 1424 1741 pinguem
1453 1635 1701 1736 elargirentur

365 1756 651 1858 eleemosynam.

444 1879 511 1954 Vl.
542 1877 849 1954 Consuetudinem
881 1878 920 1954 in
946 1877 1112 1954 themate
1147 1877 1245 1954 baud
1287 1878 1474 1980 reprobari
1508 1875 1700 1978 potuisse;

365 2001 450 2079 dum
481 1996 721 2074 offerentibus
749 1999 1023 2090 innotesceret;
1053 2023 1173 2099 neque
1202 1997 1272 2074 dici
1302 1997 1418 2100 possit
1458 1998 1602 2072 eosdem
1645 1995 1705 2070 iu·

367 2123 464 2198 vitos
491 2119 676 2220 stipendia
704 2117 978 2221 quamplurima
1005 2118 1182 2221 praebere
1209 2142 1275 2219 pro
1295 2119 1406 2195 unica
1426 2117 1543 2194 Missa
1560 2114 1705 2190 litanda

367 2243 407 2318 in
434 2242 492 2318 die
512 2237 873 2315 commemorationis
900 2239 1064 2315 omnium
1093 2236 1273 2314 Fideliuur
1302 2236 1574 2314 defunctorum.

449 2361 532 2437 Vll.
566 2359 766 2436 Maximam
795 2360 946 2462 insuper
973 2386 996 2438 a
1024 2359 1063 2438 S.
1096 2361 1195 2436 Rota
1223 2357 1408 2434 firmatam
1445 2357 1575 2448 fuisse3
1606 2357 1709 2456 quod

370 2483 407 2566 in
438 2481 590 2556 matari-r
621 2479 845 2556 oblationum
878 2479 1045 2582 legitima
1072 2480 1294 2556 attendenda
1322 2479 1370 2553 sit
1401 2477 1566 2553 locorum
1615 2500 1709 2552 cou-

371 2602 538 2695 suetudo,
569 2607 608 2677 et
634 2624 736 2676 ruens
755 2625 820 2677 seu
848 2599 1018 2676 voluntas
1045 2597 1296 2678 offerentium.
