3622 5232
551 227 801 282 orsaoronnnun
826 231 862 278 ar
886 227 1006 280 oneror
1392 205 1435 279 ts

122 369 138 410 ‹
162 336 258 416 Cam
286 335 463 443 beneficio
490 339 543 414 ot
569 339 747 415 dirimam
769 339 916 414 cultum
936 347 1049 442 atque
1069 335 1336 414 Ecclesiastico
1356 359 1440 411 ma

119 469 177 534 ro'o
206 463 382 537 obeeondo
410 467 490 536 sint
519 467 811 542 constitutam
839 485 916 561 qaia
946 463 988 532 io
1009 467 1126 562 parte
1147 464 1354 534 oriaaotar
1381 457 1440 532 cb·-

118 589 227 656 or'aos
255 582 484 664 vallasset
511 586 547 656 ei
575 580 743 654 debitam
784 579 965 654 omnibus
993 585 1035 653 ta
1063 579 1177 654 robus
1219 577 1442 679 obsequium

117 711 328 800 praestetur
355 707 492 776 statuit
524 700 564 777 S.
590 699 773 800 Spoodas
800 705 871 775 eto.
895 699 991 774 Hinc
1021 699 1180 776 maximo
1224 697 1351 776 favore
1379 723 1442 776 eos

118 843 191 894 esse
220 819 506 921 prosequendos,
531 819 595 920 qui
623 817 747 894 divino
776 816 890 894 cultui
923 841 1052 920 reapse
1082 818 1300 896 inserviunt.

216 937 358 1015 Contra
386 937 476 1016 haec
503 937 595 1014 nibil
624 935 715 1014 facit
735 938 1002 1038 Episcopcrurn
1024 937 1199 1016 resolutio
1218 961 1267 1016 ex
1285 939 1440 1016 adverso

118 1061 294 1159 opposita,
317 1082 412 1158 quae
441 1059 552 1132 immo
581 1059 746 1134 Antonio
774 1057 893 1132 lavet:
915 1057 1005 1160 quia
1032 1061 1074 1135 ad
1104 1057 1268 1135 eiusdem
1299 1059 1443 1136 resolu-

117 1178 224 1252 tionis
251 1177 420 1254 tramites
448 1176 635 1254 Antonius
662 1177 819 1254 habetur
847 1200 1026 1276 quarere
1053 1176 1288 1279 Participans
1316 1177 1444 1256 Eccle-

117 1299 188 1376 siae
216 1298 453 1399 Receptitiae
480 1298 577 1376 Get
604 1297 768 1399 legitime
796 1299 943 1389 absens;
964 1299 1159 1375 dummodo
1177 1299 1303 1376 Missis
1331 1301 1443 1376 satis-

116 1419 226 1496 faciat
251 1442 348 1518 quae
378 1418 537 1493 Massam
567 1415 666 1493 Clari
696 1415 877 1503 afficiunt,
900 1423 937 1493 et
964 1417 1157 1495 dummodo
1185 1419 1381 1522 provideat
1400 1431 1443 1497 ut

116 1541 249 1616 Missae
277 1537 459 1614 tornatirn
490 1537 536 1612 ab
564 1561 607 1613 eo
635 1535 873 1614 eelbrandae
902 1535 1166 1638 suppleantur.

218 1657 341 1734 Multo
357 1657 480 1734 minus
509 1657 546 1733 in
578 1655 743 1734 themate
769 1655 861 1734 facit
887 1655 986 1736 Cleri
1013 1657 1202 1734 resolutio:
1221 1660 1307 1760 quia
1327 1663 1439 1738 niso

116 1785 280 1855 eanrdem
309 1776 413 1854 nullo
441 1777 481 1852 in
509 1777 629 1880 pretio
659 1775 785 1854 haberi
814 1801 922 1878 posse
951 1778 1118 1878 eoquod
1148 1777 1315 1878 pluribus
1344 1781 1441 1860 del-

115 1899 232 1974 ctibus
261 1897 416 1988 laboret,
441 1897 599 1974 eiusdem
630 1921 741 1972 causa
771 1896 891 1972 finalis
920 1895 991 1972 fuit
1020 1905 1060 1972 ut
1102 1897 1221 1973 fraudi
1250 1901 1311 1976 via
1340 1926 1446 2001 prae-

114 2019 336 2094 cluderetur.
363 2017 402 2092 ln
429 2041 517 2093 casu
546 2015 710 2093 fraudem
739 2013 878 2094 nullam
899 2039 980 2091 esse
1008 2017 1208 2092 amano-on
1239 2043 1323 2097 cum
1353 2020 1445 2098 clvi·

114 2149 173 2217 tas
199 2141 241 2218 M
270 2142 316 2216 ab
344 2139 476 2242 oppido
504 2137 743 2216 Gduodecim
766 2162 940 2242 passuum
964 2135 1125 2214 nullibus
1152 2139 1279 2218 distet.

223 2261 369 2338 Vanum
401 2261 546 2336 tandem
575 2262 632 2336 est
659 2260 839 2335 obiectum
888 2283 933 2335 ex
976 2262 1239 2336 consuetudine
1277 2264 1447 2362 deprom-

115 2393 234 2480 ptum:
256 2382 343 2484 qnia
373 2379 584 2456 huiusmodi
604 2381 828 2456 consuetudo
848 2379 1057 2456 Tridentini
1081 2381 1191 2456 menti
1214 2382 1441 2459 adversatur.

116 2503 212 2576 See
240 2527 284 2576 ea
312 2499 384 2576 luit
413 2499 452 2576 S.
477 2499 613 2600 Synodi
646 2523 748 2572 mens
776 2499 814 2574 in
843 2497 1168 2574 distributionibus
1212 2499 1445 2574 instituendis

117 2635 150 2692 ot
182 2620 420 2723 Capitulares
448 2621 492 2696 ad
521 2621 698 2694 excubias
727 2619 876 2696 Domini
922 2618 1116 2695 alacriores
1145 2620 1325 2696 redderet:
1360 2643 1445 2695 con·

115 2743 271 2818 suetudo
300 2767 389 2816 vero
417 2766 481 2842 per
509 2765 617 2842 quam
650 2741 904 2840 praesentibus
924 2740 1202 2817 distributiones
1223 2739 1351 2840 negari
1373 2740 1447 2815 vel-

114 2864 435 2953 temtaberunt
464 2863 675 2939 sanctiones
703 2861 920 2936 destrueret.
945 2861 1026 2936 ldeo
1054 2871 1129 2938 non
1149 2869 1205 2936 est.
1225 2861 1447 2936 attendenda

115 2984 215 3059 teta
247 3009 324 3058 cor.
353 2981 532 3059 Ottobooo
580 2979 705 3058 Dacis.
737 2983 764 3056 4
793 3005 903 3055 naue.
928 2979 986 3056 36
1009 2981 1050 3058 S.
1080 2981 1223 3084 Conpr.
1267 2980 1366 3056 Grac
1405 2987 1445 3055 in

117 3105 381 3208 Senopollieo.
397 3105 606 3181 Procatrat.
630 3105 685 3180 tt
708 3104 926 3180 Decembris
947 3103 1066 3181 1765
1085 3107 1109 3204 ξ
1130 3103 1444 3192 Crrmomm'totis.

224 3225 427 3302 Praeterea
456 3223 594 3308 nullom
624 3223 780 3300 affertur
820 3225 1080 3303 documentum
1124 3227 1220 3325 quod
1266 3232 1445 3301 assertam

117 3343 419 3422 consuetudinem
450 3347 646 3420 sustineat:
671 3346 822 3445 ideoque
851 3345 920 3422 boc
939 3345 1050 3420 etiam
1071 3369 1119 3422 ex
1138 3346 1259 3445 capite
1279 3343 1428 3420 reiicien

117 3466 164 3540 da
190 3469 247 3539 est
280 3461 573 3566 (inalterabile
601 3477 768 3538 corruam.
792 3469 835 3539 in
864 3465 910 3538 6:
932 3464 1008 3565 lep.
1041 3465 1144 3564 quod
1180 3489 1256 3536 arra
1296 3469 1447 3536 ratione

116 3585 161 3686 ff.
182 3581 227 3658 de
254 3583 369 3686 lapid.
398 3579 581 3658 draiton..
614 3582 784 3682 Dt'scept.
804 3586 957 3679 foreas,
993 3579 1084 3684 Cup.
1109 3581 1166 3656 79
1199 3581 1319 3658 Num.
1346 3581 1414 3656 10.

222 3700 357 3792 Quom
384 3723 578 3780 SECUNDUM
607 3723 745 3777 nrttuou
774 3700 1075 3778 contendebatur:
1098 3701 1142 3775 ad
1172 3699 1285 3776 alium
1315 3701 1443 3774 subro⁴

119 3825 280 3924 gaudum
311 3843 540 3922 nequaquam
571 3821 749 3922 obstringi
776 3821 975 3897 Antonium
997 3825 1039 3896 ad
1063 3819 1325 3921 providendum
1354 3818 1449 3893 Mis-

119 3965 180 4016 sas
204 3941 384 4018 turnatim
415 3939 648 4016 celebrandas
680 3940 905 4016 tum-tionum
938 3947 1010 4016 tam
1032 3941 1216 4017 <aearum
1245 3965 1354 4040 quam
1384 3940 1449 4014 ad·

120 4059 360 4137 rentitiarum
381 4085 505 4135 carisa.
529 4057 710 4158 Oportere
738 4059 834 4135 enim
866 4067 906 4135 nt
935 4067 1148 4162 praesentes
1176 4059 1213 4134 in
1242 4059 1366 4134 Choro
1385 4059 1449 4132 ab·

120 4180 279 4256 sentium
307 4179 487 4254 delectum
518 4178 714 4280 suppleant
745 4177 856 4256 iniis
885 4203 980 4277 qnae
1001 4179 1044 4253 ad
1065 4177 1225 4256 Cborale
1255 4177 1446 4254 servitium

122 4295 317 4396 pertinent.
347 4293 511 4373 Garoias
541 4295 585 4368 du
614 4295 750 4398 Bonas.
770 4305 875 4398 port.
902 4295 930 4372 3
959 4320 1042 4397 cop.
1065 4295 1219 4374 aona.
1245 4295 1347 4374 197.
1371 4295 1448 4372 Fa-

121 4439 241 4517 pnon.
266 4423 309 4490 ia
332 4416 425 4517 Cop.
451 4413 576 4491 Nullo
594 4416 640 4490 do
656 4414 817 4490 concess.
836 4415 1045 4518 praebend.
1068 4405 1178 4492 nam.
1198 4415 1257 4492 73
1277 4417 1314 4496 S.
1334 4415 1375 4492 G.
1399 4415 1444 4494 C.

121 4542 166 4612 m
194 4537 351 4614 Natam
382 4536 542 4637 Forsan.
568 4535 902 4612 Distribotr'ommt
944 4537 1278 4622 Quotidr'anorum
1296 4535 1356 4618 20
1379 4535 1448 4614 Du·
