3670 5222
650 327 707 466 [t
751 329 786 468 t.
834 327 1000 470 llllllll
1045 325 1416 470 tdttttbutl.

540 869 660 946 Doara
688 892 813 954 cuono
840 893 1111 946 exrosrmouam
1140 869 1234 949 ssia
1263 869 1521 948 Sacaamnnrr.

445 1078 498 1159 R.
529 1079 575 1154 D.
607 1079 784 1156 Sacerdos
813 1079 988 1180 aloysius
1016 1081 1166 1182 Rapaci
1208 1083 1438 1170 Canonicus,
1470 1085 1510 1158 et
1542 1079 1582 1156 in
1616 1081 1697 1157 Me·

368 1195 590 1301 tropolitana
605 1197 771 1276 Ecclesia
784 1201 989 1278 Rossanen.
1008 1201 1335 1279 Caerenoniarum
1352 1202 1543 1306 Magister,
1560 1202 1697 1280 Sacrae

367 1317 522 1396 Eituum
540 1319 827 1419 Congregationi
848 1319 940 1395 haec
958 1319 1147 1396 humiliter
1164 1322 1347 1422 exposuit:
1366 1323 1539 1398 nimirum
1553 1320 1694 1410 -Quod

367 1436 406 1514 in
435 1439 622 1538 praedicta
651 1437 814 1514 Ecclesia
843 1441 886 1514 ad
915 1440 1090 1515 maiorem
1118 1439 1296 1517 Fidelium
1316 1441 1513 1518 utilitatem
1538 1441 1698 1543 singulis

366 1555 490 1636 dicbus
518 1557 616 1634 infra
644 1557 823 1635 Octavam
850 1559 1023 1661 Corporis
1049 1558 1207 1652 Christi,
1238 1559 1516 1637 Sanctissimum
1549 1561 1698 1638 Eucha-

366 1675 492 1753 ristiae
520 1678 799 1754 Sacramentum
829 1677 994 1779 publicae
1022 1679 1252 1756 venerationi
1280 1681 1413 1782 exponi
1447 1680 1577 1772 soleat,
1615 1689 1695 1758 turn

367 1820 474 1874 mane
502 1803 587 1874 ante
615 1798 791 1875 Matutini
821 1798 1085 1888 recitationem,
1111 1805 1188 1876 tum
1221 1801 1370 1877 meridie
1398 1807 1596 1902 antequam
1618 1802 1697 1878 Ve-

364 1940 493 2017 sperae
522 1919 740 1994 recitentur.
765 1916 922 2019 Expleta
950 1943 1037 1996 vero
1057 1942 1163 1994 nrane
1184 1920 1307 1997 Horae
1329 1921 1457 1997 Nonae
1476 1921 1697 1998 recitatione

366 2040 404 2110 et
433 2038 681 2138 Vesperarum
711 2061 734 2113 a
762 2037 914 2114 meridie
941 2037 1041 2114 intra
1067 2035 1255 2116 Ecclesiae
1283 2041 1459 2118 ambitum
1489 2043 1695 2142 processio-

366 2157 501 2234 naliter
529 2158 806 2236 Sanotissimum
836 2157 1116 2234 Sacramentum
1145 2158 1415 2244 circumfertur,
1448 2183 1492 2234 ao
1523 2161 1692 2254 demum,

366 2277 628 2354 Benedictione
655 2277 856 2378 impertita,
888 2275 926 2353 in
956 2277 1247 2353 Tabernaoulum
1276 2279 1481 2380 reponitur.
1513 2279 1696 2359 Attamen

367 2399 424 2472 die
453 2399 629 2475 Sabbathi
659 2395 754 2473 infra
782 2396 946 2472 eamdem
964 2393 1158 2490 Octavam,
1184 2397 1422 2474 Processione
1441 2406 1588 2498 peracta
1610 2409 1692 2500 post

366 2516 670 2619 Complatorium,
713 2515 925 2594 Benedictio
966 2515 1204 2616 impertitur;
1234 2524 1273 2594 et
1299 2519 1345 2594 ad
1387 2518 1564 2594 Matutini
1607 2544 1695 2595 cum

367 2638 551 2715 Laudibus
580 2637 832 2716 recitationem
860 2635 973 2740 (quae
1000 2635 1236 2735 anticipanda
1263 2640 1331 2727 est,
1364 2637 1453 2738 quia
1481 2637 1693 2738 insequenti

368 2757 559 2834 Dominica
587 2757 759 2833 solemnis
786 2755 828 2832 lit
853 2755 1037 2857 processio
1066 2779 1089 2830 a
1115 2753 1427 2832 Confruternitate
1459 2755 1692 2834 Sanctissimi

364 2876 592 2953 Sacramenti
621 2885 659 2952 et
686 2875 861 2954 universo
889 2873 1080 2977 Capitulo)
1122 2899 1249 2949 rursus
1278 2873 1379 2951 Euch
1396 2875 1534 2952 mistiae
1564 2877 1696 2960 Sacra·

364 3004 529 3072 mentum
558 2999 770 3098 exponitur,
804 2999 838 3070 et
867 2993 1084 3070 recitatione
1112 2993 1272 3095 expleta,
1306 2995 1442 3093 absque
1472 2994 1546 3071 ulla
1575 2995 1694 3072 Bene-

363 3115 523 3192 dictione
552 3117 587 3192 in
617 3114 871 3192 Tabernaoulo
900 3113 1113 3190 recluditur.

443 3234 584 3322 Quibus
611 3234 816 3337 expositis,
848 3232 1121 3334 suprascriptus
1150 3231 1286 3308 Orator
1316 3231 1588 3332 insequentium
1625 3236 1694 3312 du-

366 3353 508 3432 biorum
542 3353 761 3431 solutionem
802 3355 849 3430 ab
881 3353 1006 3428 eadem
1048 3351 1161 3428 Sacra
1199 3351 1357 3428 Eituum
1394 3350 1697 3455 Congregatione

364 3474 554 3551 humiliter
582 3472 845 3576 expostulavit,
876 3495 1036 3573 nempe:

441 3596 492 3672 Ι.ο
519 3597 578 3672 An
606 3593 796 3672 Sabbatho
823 3590 921 3668 infra
947 3590 1126 3667 Octavam
1155 3590 1331 3692 Corporis
1363 3589 1515 3686 Christi,
1539 3594 1719 3670 Procas--

365 3715 469 3792 sione
495 3715 593 3791 facta
623 3719 704 3815 post
730 3711 1020 3813 Cornpletorium
1041 3715 1079 3787 et
1094 3710 1356 3787 Benedictione
1384 3709 1588 3809 impertita,
1613 3738 1698 3790 rur-

363 3860 426 3911 sus
455 3835 588 3936 exponi
618 3838 731 3934 queat
760 3831 1041 3908 Sanctissimum
1075 3829 1334 3906 Eucharistiae
1376 3829 1690 3926 Sacramentum,

364 3962 406 4030 nt
436 3953 706 4054 indulgentias,
740 3975 836 4051 quae
865 3950 1041 4026 Matutiui
1072 3954 1109 4025 et
1137 3949 1302 4026 Laudum
1342 3949 1551 4027 recitationi
1595 3953 1697 4030 adsi-

364 4073 547 4150 stentibus
575 4095 768 4150 concessae
797 4076 898 4160 sunt,
921 4069 1058 4144 Eideles
1086 4067 1290 4161 lucrentur;
1311 4073 1349 4144 ot
1368 4069 1406 4145 in
1425 4095 1512 4148 casu
1533 4069 1698 4150 affirma·

364 4195 456 4285 tivo,

442 4316 502 4390 An
531 4313 594 4405 11⁰,
629 4318 710 4412 post
740 4308 915 4386 blatutini
945 4333 1025 4384 cum
1048 4307 1230 4384 Lamlibus
1260 4307 1526 4403 recitationem,
1557 4335 1690 4387 rursus

365 4433 439 4510 alia
466 4431 670 4510 benedictio
698 4427 881 4530 impertiri
911 4431 1041 4503 debeat
1071 4427 1223 4526 populO,
1257 4429 1562 4528 quemadmodum
1609 4433 1694 4512 data

365 4553 451 4643 luit,
483 4553 629 4662 expleto
657 4545 935 4662 Complatoriot
