3670 5222
341 227 401 296 {72
771 252 810 300 nx
837 254 884 298 scr
894 253 919 299 rs
941 254 1218 302 constsroarsurrus

338 367 405 411 rum
431 348 604 412 animarum
629 367 702 412 cura
728 350 858 437 ipsamet
882 369 974 415 exer·
1019 350 1163 416 rentibus
1199 353 1342 419 Perusiae
1378 358 1582 445 progenitum
1621 365 1653 424 et

339 466 428 519 cetur
452 455 482 518 in
509 454 695 520 cathedrali.
1018 451 1313 540 quinquagesimum
1366 469 1491 522 sextum
1546 461 1654 524 aetatis

406 563 493 626 Nulla
517 543 572 626 alia
598 565 760 648 reperitur
783 562 895 627 Uiuenti
918 581 973 646 pa·
1016 577 1090 622 suae
1117 579 1234 625 ttnnllm
1250 581 1503 650 supergressum.
1523 567 1653 650 Presby·

339 667 481 732 roecialis
498 680 550 732 aut
567 669 736 756 collegiata
754 671 901 744 Ecclesia,
916 669 970 732 sed
1017 675 1134 729 temtus
1152 664 1276 743 ordine,
1295 688 1328 731 ac
1343 680 1406 732 tum
1422 667 1454 734 in
1467 689 1550 734 sacra
1566 673 1656 736 theo·

340 793 437 840 riuum
473 775 613 840 virorum
649 775 890 854 monasterium,
918 777 974 840 alr·
1018 769 1197 862 lopiacum
1224 775 1415 861 inutraque
1442 776 1652 841 iuredudom

340 892 418 965 quot
460 881 610 946 laicorum
652 882 849 960 sodalitates,
883 901 974 948 mons
1019 881 1169 948 doctorali
1195 881 1299 946 laurea
1324 880 1469 957 donatus,
1497 883 1527 946 in
1552 889 1656 946 eccle-

340 987 464 1074 pietatis
488 999 520 1053 et
543 987 759 1054 seminarium.
1016 989 1146 1056 siasticis
1170 987 1324 1052 obeundis
1355 986 1570 1054 lunationibus
1601 1010 1657 1055 na-

406 1095 591 1182 bioeceseos
629 1093 763 1160 ambitus
798 1093 871 1160 satis
913 1095 974 1160 late
1020 1097 1103 1162 riter
1134 1096 1276 1163 emicuit.
1315 1094 1483 1162 Perusinae
1521 1096 1655 1161 civitatis

338 1211 439 1288 patet,
456 1221 490 1266 ac
514 1202 594 1268 ultra
621 1201 746 1290 triginta
763 1201 871 1268 subse
888 1222 976 1269 com·
1018 1224 1053 1268 ac
1076 1202 1260 1268 dioeceseos
1275 1201 1421 1286 plurimis
1435 1201 1548 1267 abhinc
1565 1202 1655 1266 annis

339 1307 492 1393 plectitur
515 1309 592 1374 loca.
1020 1311 1243 1395 pro-llicarius
1267 1309 1425 1372 Generalis
1441 1307 1592 1384 adlectus,
1611 1320 1657 1372 at·

409 1417 633 1478 Enrsconarau
666 1417 851 1480 coccusrau
886 1418 975 1479 ‚tus-
1019 1433 1082 1499 que
1115 1413 1288 1480 canonicus
1323 1413 1373 1478 illa
1409 1414 1440 1479 in
1477 1412 1654 1479 cathedrali

340 1537 413 1582 rsa.
428 1517 486 1580 suh
501 1515 673 1582 Patriarcha
690 1518 975 1604 Hierosolymitano
1022 1521 1234 1598 renunciatus,
1253 1539 1287 1584 ae
1310 1521 1487 1585 successive
1510 1521 1657 1606 principe

341 1622 537 1708 inpartibus
568 1621 746 1690 infidelium
777 1645 883 1692 vcacan.
916 1646 976 1712 per
1021 1628 1353 1713 archipresbyteratus
1389 1627 1542 1714 dignitate
1578 1625 1653 1690 inihi

341 1729 572 1794 translationem
615 1734 653 1796 ll.
683 1735 716 1798 P.
748 1736 783 1797 l).
821 1734 975 1798 Francisci
1020 1735 1059 1801 ad
1089 1753 1239 1820 praeseus
1267 1753 1366 1819 usquc
1395 1733 1578 1798 honestatus
1611 1741 1658 1795 est

340 1836 485 1902 Policaldi
510 1836 548 1902 ad
578 1837 882 1926 archiepiscopalem
919 1844 978 1905 Ec·
1021 1844 1103 1909 inter
1127 1843 1379 1908 SANCTlThPS
1398 1841 1500 1904 SUAE
1516 1851 1655 1902 secretos

340 1945 463 2009 alesiam
481 1945 513 2009 in
530 1944 671 2028 partibus
688 1943 876 2023 infidelium
900 1950 976 2013 San·
1021 1948 1236 2014 cubicularios
1272 1945 1565 2029 supranuruerarios
1603 1942 1659 2007 ad·

339 2050 493 2114 ctissimus
531 2048 569 2115 ad
613 2051 766 2117 uamdem
806 2055 975 2118 Ecclesiam
1019 2056 1127 2132 scitus,
1145 2073 1179 2117 au
1202 2069 1302 2135 penes
1319 2049 1512 2116 l‘ontiluoiam
1531 2048 1660 2115 univer·

339 2157 500 2244 promovit
516 2167 609 2242 atque
634 2160 665 2225 in
684 2146 872 2224 Auxiliarem
891 2161 974 2227 Emi.
1020 2163 1142 2228 sitalem
1166 2161 1345 2225 Perusinum
1373 2156 1525 2222 Praesidis
1554 2156 1661 2221 colle-

339 2285 373 2329 ac
409 2266 476 2329 limi
520 2265 644 2330 [lamini
686 2265 832 2334 loachimi
868 2270 900 2333 S.
936 2271 971 2333 ll.
1022 2267 1062 2356 gii
1088 2265 1290 2352 Theologici,
1318 2262 1430 2328 llicarii
1458 2264 1488 2328 in
1511 2263 1660 2347 spiritua-

340 2375 374 2434 E.
430 2370 605 2455 Presbyteri
658 2372 831 2438 cardinalis
886 2374 972 2438 Pecci
1023 2373 1103 2440 libus
1134 2370 1292 2438 Generalis
1320 2388 1461 2459 'munere
1493 2369 1660 2452 hucusque

340 2476 492 2541 antistitis
539 2479 678 2545 Perusini
723 2479 891 2568 deputavit
934 2480 973 2546 ad
1022 2479 1207 2567 perlunctus
1232 2487 1290 2543 est.

339 2580 548 2665 pontificalia,
585 2593 771 2670 caeteraque
810 2587 973 2671 pastoralia
1091 2590 1194 2650 Amata
1234 2583 1308 2648 urbs
1347 2582 1517 2648 Palestinae
1556 2579 1658 2645 adhuc

340 2688 444 2753 munia
468 2687 509 2752 de
533 2687 602 2755 eius
625 2708 778 2758 consensu
803 2713 837 2758 ac
873 2693 974 2758 lubitu
1020 2693 1079 2759 sub
1103 2689 1280 2756 infidelium
1307 2690 1381 2776 iugo
1404 2686 1582 2750 miserrime
1613 2687 1644 2748 in

228 2855 231 2862 ,
339 2797 372 2858 in
405 2795 453 2860 illa
485 2797 611 2862 civitate
634 2817 669 2862 ac
693 2790 831 2866 dioecesi
858 2799 975 2866 obeun·
1022 2801 1178 2892 gemiscit3
1197 2799 1342 2885 quocirca
1363 2809 1459 2863 status
1475 2798 1542 2860 eius
1560 2795 1662 2860 inlan-

338 2902 378 2967 da
403 2904 439 2966 ll.
457 2906 493 2966 b.
513 2904 659 2970 carolum
684 2905 839 2971 Laurenzi
866 2925 903 2971 eu
931 2907 976 2971 le·
1023 2910 1082 2977 dus
1104 2907 1232 2974 silentio
1257 2904 1457 2993 praeteritur.

337 3007 468 3094 gitimis,
494 3008 667 3086 catholicis,
691 3010 898 3096 honestisque
924 3030 979 3097 pa-

420 3149 558 3226 Deinde
586 3151 773 3228 Sanatibus
802 3153 877 3229 Sua
905 3153 1061 3254 dignata
1088 3162 1145 3230 est
1172 3179 1298 3229 creare
1327 3155 1437 3252 alque
1474 3149 1662 3251 publicare

336 3252 551 3333 Carilinales
578 3257 617 3334 S.
650 3261 700 3336 R.
733 3259 944 3335 Ecclesiae:

554 3379 608 3452 llx
636 3403 771 3456 onumn
802 3383 1136 3457 Pansnurnnoauu

416 3497 463 3573 R.
484 3500 527 3574 P.
559 3499 605 3574 D.
638 3499 765 3600 Ioseph
787 3498 1003 3577 Mihalovilz
1025 3499 1350 3601 ,dr-chiepiscopunr
1371 3498 1574 3595 Zapahrien
1598 3523 1663 3572 na-

337 3609 413 3680 tuur
447 3609 481 3679 in
513 3608 632 3680 'l'orda
663 3607 850 3682 Dioecesis
878 3607 1085 3684 Osanadien
1118 3605 1165 3682 16
1194 3606 1357 3682 Ianuarii
1395 3604 1505 3678 ³814.

416 3711 465 3789 R.
499 3709 542 3784 P.
574 3711 620 3788 D.
654 3711 822 3789 loannem
853 3711 1059 3814 Baptistaru
1094 3711 1305 3788 Kutschker
1337 3710 1661 3810 llrchiepiscopuru

339 3815 523 3897 Viennen.
557 3823 684 3894 natum
717 3820 753 3894 in
783 3819 910 3894 Wiese
941 3818 1231 3895 hrchidioecesis
1258 3817 1512 3895 Olourucensis
1532 3816 1590 3889 ilic
1615 3813 1658 3890 ll

336 3922 474 4021 Aprilis
509 3921 620 3998 1810.

415 4031 466 4106 R.
498 4031 544 4106 P.
578 4032 624 4107 D.
657 4031 829 4106 Lucidum
860 4031 1016 4106 Mariani
1039 4030 1219 4105 Parecchi
1241 4029 1566 4128 archiepiscopum
1588 4030 1664 4104 lsa-

336 4137 486 4214 nonien.
518 4143 644 4215 natum
675 4137 852 4212 Mantuae
879 4136 937 4212 die
971 4135 1016 4213 13
1045 4141 1202 4236 Aarprrsti
1238 4136 1350 4211 lasa.

415 4244 577 4320 Tandem
607 4243 807 4345 postulatio
844 4269 1033 4319 sacrorum
1073 4242 1274 4320 Pallioruru
1320 4265 1383 4340 pro
1415 4239 1664 4342 bl‹·l.rop0litis

338 4349 510 4424 {scelestis
538 4347 636 4425 facta
664 4357 722 4426 est
751 4349 825 4452 (1).

402 4491 444 4564 (l)
464 4496 601 4562 Reliquas
621 4497 746 4549 eiusdem
766 4497 823 4548 dlei
846 4499 1054 4561 progroeitiones
1081 4503 1110 4547 st
1129 4497 1327 4561 cpiscoporum
1350 4498 1565 4548 iaorrrssuurionce
1585 4497 1661 4546 dahi-

341 4581 401 4618 mus
421 4567 548 4632 proximo
569 4571 731 4634 insequenti
752 4569 896 4622 fasciculo.
