3622 5240
743 271 853 320 cursus
1417 251 1454 318 m

135 367 211 443 ilum
240 364 458 444 Sodalitium
478 367 553 442 iam
573 367 721 445 Oratori
740 366 902 443 debitum
923 364 1118 442 remiserit.
1142 364 1291 442 Etenim
1312 373 1459 445 constat

134 488 229 564 illum
259 487 332 564 dici
360 513 383 563 a
410 479 630 563 suo'debito
658 485 882 572 absolutum,
906 487 966 563 cui
996 486 1105 561 debiti
1128 485 1298 563 remissio
1327 513 1349 564 a
1376 513 1460 564 ore-

133 608 245 684 ditore
272 607 372 684 lacta
398 610 470 684 est.
502 607 603 684 Rota
632 607 749 684 decis.
785 605 872 682 138
902 631 1011 682 uum.
1045 604 1074 682 3
1095 617 1206 708 port.
1242 606 1312 684 15.

204 725 386 814 Quamvis
415 739 604 828 praeterea
633 725 900 826 praeiudicium
920 725 1098 802 eiusmodi
1119 727 1306 806 existeret.
1332 732 1458 806 tamen

131 872 247 950 neque
277 847 429 924 dubium
457 847 618 923 suboriri
656 855 804 947 posset,
838 845 934 944 quod
963 845 1139 922 Summus
1177 846 1384 942 Pontifex,
1415 854 1460 924 ea

130 994 198 1069 qua
227 966 343 1069 pollet
371 966 596 1044 auctoritate
623 969 735 1066 atque
762 963 942 1040 eminenti
971 963 1132 1052 dominio
1162 991 1273 1068 super
1300 967 1457 1044 Oonira-

130 1087 396 1180 ternitatibus,
430 1109 629 1187 earurnque
662 1082 794 1177 bonis,
827 1081 1069 1160 absolutionis
1097 1087 1260 1187 gratiam
1302 1087 1458 1190 elargiri

132 1231 265 1308 posset.

205 1325 454 1420 ordinariae,
487 1327 643 1428 probata
670 1322 839 1400 nullitate
868 1348 1013 1414 census
1045 1326 1206 1402 asseruit
1234 1327 1458 1405 Sodalitium

128 1446 332 1523 absolvisse
362 1471 384 1520 a
411 1469 477 1522 suo
505 1444 630 1522 debito
658 1443 958 1545 exprimicerium
987 1444 1159 1522 Natalem
1189 1449 1233 1522 P.
1257 1449 1327 1524 Sed
1356 1449 1459 1524 falsis

127 1565 336 1643 rationibus
364 1567 555 1666 deceptum
583 1563 699 1642 luisse
727 1589 839 1666 supra
867 1565 1111 1665 quantitatem
1141 1567 1317 1655 dcbitam;
1347 1594 1458 1669 quam

128 1691 331 1787 putaverat
358 1685 565 1762 ascendisse
585 1686 628 1760 ad
649 1684 867 1785 octuaginta
887 1689 1032 1762 scutata
1052 1693 1194 1762 tantum
1217 1689 1305 1764 dum
1327 1713 1457 1766 revera

126 1814 276 1882 centum
304 1809 488 1906 tangeret.
521 1805 670 1882 Retulit
712 1805 824 1880 etiam
863 1804 1163 1905 exprimicerium
1195 1808 1364 1884 eumdem
1392 1807 1458 1884 ha·

126 1925 252 2002 buisse
294 1950 340 2000 ex
383 1929 542 2027 quatuor
583 1923 833 2000 immobilibus
874 1949 1039 2002 annuum
1078 1927 1259 2002 redditum
1296 1933 1460 2005 scutato-

126 2071 212 2122 rum
243 2045 305 2122 18.
338 2043 488 2122 Nullam
517 2045 727 2120 exercuisse
754 2044 992 2138 industriam,
1022 2047 1083 2121 sed
1123 2047 1262 2123 aeditui
1304 2072 1457 2126 munere

126 2167 296 2243 functum
312 2191 392 2241 esse
411 2174 485 2241 tam
502 2165 541 2241 in
555 2163 720 2241 Ecclesia
734 2163 949 2265 parochiali,
963 2189 1075 2266 quam
1090 2167 1186 2266 apud
1200 2165 1460 2244 Confraterni·

125 2295 271 2376 tatem;
302 2297 461 2387 quatuor
502 2289 696 2361 oneratum
724 2283 811 2360 filiis
839 2282 953 2361 fuisse
982 2287 1072 2360 natu
1102 2285 1291 2376 minimis,
1323 2288 1458 2388 quibus

125 2431 306 2510 persaepe
333 2429 401 2480 nec
427 2403 627 2481 frustulum
667 2404 772 2504 panis
799 2406 973 2506 praebere
1001 2409 1136 2507 potest.
1169 2405 1296 2482 Nihilo
1331 2415 1458 2486 tamen

125 2523 249 2598 secius
277 2521 419 2597 debitor
447 2525 533 2613 est,
564 2519 802 2620 debitumque
830 2544 904 2597 non
933 2518 1076 2597 tollitur
1104 2521 1173 2598 nisi
1203 2523 1388 2601 solutione
1417 2533 1455 2602 et

125 2641 399 2718 satisfactione.
432 2641 608 2714 Attamen
646 2640 727 2714 eius
766 2639 1031 2740 patrimonium
1067 2641 1121 2716 ita
1149 2667 1303 2743 parvum
1332 2651 1388 2719 est
1416 2651 1460 2722 ut

125 2764 224 2864 apud
244 2761 302 2836 ius
330 2761 545 2836 canonicum
576 2783 693 2860 poene
720 2759 861 2836 nullum
890 2767 1098 2836 censeatur.
1121 2761 1355 2862 Quapropter
1375 2789 1458 2840 oum

124 2905 216 2958 vere
245 2903 383 2981 pauper
403 2879 655 2954 aestimandus
673 2886 770 2952 esset
787 2878 869 2954 ideo
888 2901 955 2980 pro
982 2877 1211 2954 absolutione
1237 2879 1350 2957 debiti
1376 2903 1458 2958 sese

126 3023 261 3101 rogare
289 2999 329 3076 S.
361 2999 505 3076 Sedem.
540 2999 676 3073 Verum
704 3002 847 3090 extare,
869 2996 923 3072 ait
950 2993 1182 3090 Ordinarius,
1209 3000 1356 3074 randum
1384 3025 1457 3102 quo

128 3118 298 3196 iustitiae
326 3123 365 3194 et
393 3115 664 3192 misericordiae
693 3118 775 3192 iura
801 3114 1057 3192 concilientur.
1091 3116 1234 3194 Solutio
1261 3119 1358 3194 enim
1380 3121 1458 3194 lieri

127 3243 299 3316 censetur
328 3237 437 3314 etiam
467 3261 532 3338 per
560 3237 696 3312 iustam
725 3235 1074 3338 compensationem.
1112 3235 1364 3316 Communem
1384 3265 1458 3343 per
1496 3234 1499 3238 ’

128 3369 220 3434 lect.
251 3364 298 3435 im
343 3357 370 3432 l.
405 3355 565 3433 Dedisse
607 3355 665 3431 76
699 3358 745 3458 ff.
787 3356 834 3432 de
873 3355 1022 3432 verbor.
1052 3359 1225 3460 sipatfio.
1258 3359 1457 3435 Praeterea

129 3478 260 3555 solutio
288 3482 410 3580 potest
437 3477 517 3552 fieri
546 3501 610 3577 per
637 3488 776 3578 partae,
807 3476 950 3578 quoties
971 3476 1022 3551 ita
1041 3481 1261 3553 conventum
1292 3479 1340 3553 sit
1360 3480 1457 3555 inter

129 3597 330 3674 debitorem
372 3601 409 3672 et
444 3595 678 3673 creditorem.
716 3593 861 3673 Comm.
886 3619 961 3698 per
990 3605 1055 3672 tot.
1088 3603 1129 3670 m
1158 3597 1183 3672 l.
1215 3599 1382 3674 arbitrio
1408 3599 1453 3677 2.

130 3721 168 3816 §-
190 3717 230 3794 4.
248 3717 296 3818 ff.
319 3715 377 3792 De
403 3739 445 3789 eo
472 3715 577 3817 quod
606 3724 705 3790 certo
734 3717 812 3792 loco
841 3715 933 3790 duri
960 3726 1117 3816 oportet.
1143 3715 1340 3794 Sciendum
1368 3743 1457 3822 ergo

130 3835 367 3915 estNatalem
389 3833 436 3911 P.
460 3861 525 3938 pro
548 3859 697 3912 munere
717 3838 858 3913 aeditui
879 3837 1212 3914 Confraternitatis
1232 3840 1456 3940 stipendium

131 3957 264 4034 habere
292 3960 451 4058 quatuor
478 3962 706 4031 scutatorum
737 3955 899 4054 quolibet
926 3979 1036 4032 anno.
1069 3956 1222 4032 Factum
1243 3963 1341 4033 recte
1359 3959 1457 4059 quod

132 4101 260 4154 novem
290 4076 365 4152 iam
394 4076 482 4151 anni
510 4074 722 4152 effluxerint
748 4099 795 4151 ex
824 4099 896 4175 quo
929 4078 1129 4152 mercedem
1173 4099 1247 4152 non
1290 4077 1454 4178 recipit3

133 4197 185 4272 ita
222 4201 264 4273 ut
300 4193 601 4274 confraternitas
647 4194 805 4296 triginta
831 4217 896 4268 sex
924 4199 1069 4268 scutata
1114 4218 1161 4268 ex
1203 4199 1354 4270 centum
1382 4193 1456 4271 iam

133 4318 307 4417 exegerit.
339 4315 572 4416 Quapropter
600 4315 742 4389 censuit
769 4311 1016 4403 OrdinariuS,
1051 4315 1092 4387 ut
1119 4315 1298 4414 abrogata
1325 4339 1458 4392 census

133 4441 325 4524 creatione,
359 4436 542 4538 obligetur
570 4435 853 4539 exprimioerius
881 4435 924 4510 ad
955 4435 1227 4510 inserviendum
1254 4442 1382 4537 pratis
1416 4437 1456 4513 in

135 4555 248 4634 officio
289 4555 428 4634 aeditui
469 4579 534 4656 per
568 4553 613 4629 16
641 4579 788 4632 annos:
819 4556 951 4656 quibus
980 4555 1242 4657 transgressis,
1275 4555 1307 4630 si
1335 4557 1457 4634 adhuc
