3674 5210
372 239 415 319 84
946 270 1146 328 deraserunt

372 369 500 451 iisdem
530 367 704 450 clausulis
733 379 771 452 et
799 379 1114 456 reservationibus
1162 377 1461 458 reversibilitatis
1502 377 1696 485 appositis,

368 513 464 592 quas
492 489 665 568 fundator
692 493 912 573 adhibuerat
931 499 968 573 in
987 497 1202 601 capellania
1220 499 1461 579 instituenda.
1485 503 1589 591 Quae
1603 504 1700 579 trena

367 611 495 686 on‘rnia
522 610 611 689 feeit
639 639 707 689 sua
734 615 839 692 Felix
868 619 916 694 N.
949 621 993 693 ed
1020 619 1153 702 duetus
1182 621 1328 698 ratione
1355 623 1452 722 quod
1471 623 1550 723 ipse
1578 622 1694 711 solus,

370 753 436 831 per
467 734 783 812 renunciationem
814 737 992 838 Leopardi
1022 739 1191 832 Marini,
1224 738 1324 817 litem
1354 743 1484 818 eontra
1526 741 1699 818 Italicum

369 849 597 926 Gubernium
627 852 860 948 instruxerit,
881 856 1053 958 solusque
1081 858 1250 959 ingentes
1269 859 1347 936 litis
1365 884 1547 961 expensas
1566 885 1700 962 passus

369 965 513 1046 fuisset.
545 970 720 1049 Attamen
750 998 788 1050 se
817 981 984 1075 paratum
1015 1001 1094 1054 esse
1113 979 1211 1055 dixit
1228 980 1405 1056 bonorum
1426 989 1576 1081 quotam
1605 981 1702 1058 Leo·

369 1091 474 1189 pardi
505 1091 642 1168 Marini
672 1093 884 1185 restituere,
916 1097 1110 1175 dummodo
1130 1101 1200 1177 iste
1221 1125 1295 1177 non
1310 1104 1484 1178 renueret
1503 1125 1568 1202 pro
1588 1100 1700 1202 equis

369 1211 540 1309 partibus
570 1237 750 1315 expensas
778 1215 986 1296 refundere.

783 1415 1032 1487 nlneeptntlo
1053 1425 1275 1490 synoptln.

448 1569 504 1648 Ea
533 1599 629 1659 orna
657 1599 822 1656 nannum
849 1603 998 1656 narrum
1024 1605 1213 1660 vmuurun
1234 1581 1340 1661 Bona
1357 1585 1402 1660 de
1420 1584 1700 1686 quibusagitur

367 1693 416 1768 ab
443 1694 545 1770 onrui
574 1719 686 1772 onere
714 1696 836 1776 soluta
864 1702 909 1777 ad
934 1700 1129 1778 haeredem
1164 1704 1351 1802 pertinere
1387 1728 1496 1780 nemo
1524 1704 1692 1806 negabit,

367 1812 564 1891 dummodo
596 1817 769 1916 respiciat
802 1818 848 1896 ad
882 1819 1111 1897 institutoris
1139 1819 1390 1916 voluntatem,
1422 1823 1502 1898 sive
1530 1823 1575 1898 ad
1602 1824 1699 1899 iuris

368 1935 573 2010 oonrmuuis
592 1936 883 2037 (impositionem.
901 1939 1084 2016 Voluntas
1108 1941 1336 2018 institutoris
1353 1967 1401 2019 ex
1421 1942 1542 2018 verbis
1562 1943 1698 2018 instru-

369 2056 481 2131 menti
510 2055 652 2132 elucet:
685 2057 723 2134 in
751 2083 993 2160 quocumque,
1026 2059 1093 2152 ait,
1125 2085 1214 2138 casu
1242 2060 1414 2164 praeviso
1443 2065 1508 2138 aut
1536 2061 1699 2164 imprae-

369 2177 462 2264 viso,
495 2199 567 2278 quo
595 2201 776 2278 suspensa
803 2184 868 2258 aut
897 2203 1095 2283 suppressa
1123 2205 1273 2257 manere
1301 2181 1451 2257 deberet
1476 2179 1697 2282 Capeliania

369 2307 446 2373 tum
476 2321 541 2398 per
571 2295 752 2399 publicam
782 2299 1069 2400 dispositionem,
1092 2305 1171 2376 tum
1192 2326 1257 2402 per
1284 2299 1512 2401 privatorum
1541 2323 1694 2401 operam

369 2417 449 2520 agri
479 2417 662 2520 adsignati
690 2426 728 2496 et
754 2445 910 2521 parvum
936 2419 1164 2498 Coenobium
1192 2422 1346 2498 redeant
1365 2419 1404 2496 in
1433 2417 1580 2520 plenam
1606 2443 1698 2522 pro-

370 2537 562 2640 prietatem
590 2539 786 2618 haeredum
814 2550 853 2615 et
880 2565 1127 2618 suceessorum
1157 2539 1248 2618 dicti
1277 2539 1517 2618 institutoria.

449 2659 577 2759 Neque
605 2659 831 2736 institutoris
858 2662 970 2738 timor
999 2678 1118 2736 vanus
1144 2657 1230 2752 fuit,
1245 2684 1330 2738 nam
1361 2659 1420 2736 lex
1446 2659 1519 2736 diei
1547 2659 1595 2735 15
1613 2659 1697 2736 Au-

368 2779 468 2881 gusti
501 2777 1021 2858 1867anuberni01tali00
1051 2778 1153 2875 lata,
1183 2781 1309 2857 omnia
1346 2788 1384 2856 et
1411 2779 1559 2880 singula
1594 2781 1701 2856 entia

371 2898 535 2990 moralia,
569 2901 665 2977 inter
692 2924 787 3001 quae
815 2898 1053 3000 Capelianiae
1081 2901 1394 2990 adnumerentur,
1427 2901 1578 3000 penitus
1606 2924 1698 3000 sup-

370 3021 503 3118 pressit
531 3025 641 3120 atque
668 3019 847 3096 dissolvit.
880 3019 982 3122 Ergo
1011 3019 1106 3095 bona
1134 3018 1286 3096 huiusoe
1317 3015 1555 3120 capellaniae
1573 3019 1698 3096 dotem

369 3139 631 3215 constituentia
657 3138 696 3214 in
724 3138 868 3240 plenam
890 3139 1153 3239 proprietatem
1173 3137 1372 3215 haeredum
1391 3143 1429 3214 et
1443 3161 1695 3216 successorum

369 3259 456 3335 dieti
485 3256 694 3335 fundatoris
721 3257 876 3336 Senotes
904 3258 952 3334 N.
984 3281 1131 3334 reversa
1158 3258 1312 3336 dicenda
1339 3263 1455 3336 sunt:
1489 3261 1527 3335 et
1558 3257 1692 3334 haeres

368 3382 413 3458 de
433 3379 528 3456 facto
559 3379 819 3480 possessionem
847 3382 931 3480 post
957 3376 1088 3479 longas
1116 3401 1238 3454 mores
1265 3404 1288 3455 a
1314 3375 1503 3455 Gubernio
1544 3383 1697 3478 paratas

369 3500 542 3602 arripuit.
561 3499 619 3576 Ex
647 3501 727 3600 ipso
755 3504 879 3576 autem
908 3498 1085 3574 contextu
1112 3497 1256 3574 eruitur
1281 3496 1379 3600 quod
1393 3498 1489 3573 bona
1512 3495 1694 3574 eiusmodi

368 3623 413 3698 ad
443 3623 608 3698 eumdem
637 3620 886 3721 pervenerint,
919 3615 1023 3694 nullo
1050 3619 1203 3693 onerata
1229 3611 1461 3719 gravamine.
1502 3615 1598 3692 Nam
1636 3617 1697 3692 in·

368 3741 520 3818 stitutor
549 3738 787 3843 praescripsit
813 3739 910 3841 quod
937 3735 1147 3813 conditione
1176 3736 1426 3832 adveniente,
1457 3734 1696 3838 (lapellaniae

369 3863 465 3937 bona
500 3862 699 3939 evaderent
756 3857 903 3960 propria
950 3880 1102 3933 suorum
1144 3855 1372 3948 haeredum,
1403 3853 1506 3934 nullo
1547 3857 1694 3933 adiecto

369 3980 516 4058 vinculo
543 4005 661 4084 neque
687 4003 812 4057 onere.
844 3977 1000 4078 Ideoque
1037 3975 1199 4052 noluisse
1244 3999 1403 4078 gravare
1448 3975 1600 4053 heredes
1638 3978 1695 4054 di-

368 4101 518 4177 cendum
566 4108 624 4176 est
660 4102 744 4177 dum
791 4097 940 4188 taouit3
979 4117 1064 4169 narn
1103 4093 1135 4169 si
1180 4094 1362 4172 voluisset
1408 4093 1572 4196 profecto
1609 4097 1694 4173 ani-

367 4245 469 4299 mum
517 4245 623 4298 suum
672 4219 890 4322 aperuisset.
922 4214 979 4290 Ad
1008 4237 1086 4289 rem
1129 4215 1194 4292 lana
1231 4214 1303 4292 99.
1331 4216 1377 4317 ff
1410 4215 1454 4290 de
1481 4215 1584 4292 verb.
1616 4218 1690 4293 obt.

374 4370 391 4413 ‹
423 4341 471 4416 ibi
504 4369 522 4414 a
560 4340 761 4444 Quidquid
785 4335 1088 4440 adstrinqendoe
1128 4335 1379 4438 oblipotr'onis
1407 4357 1526 4411 causo
1545 4334 1696 4413 dictum

368 4474 438 4548 est,
471 4463 511 4538 ld
537 4466 620 4537 nisi
639 4460 779 4563 polum
805 4456 931 4534 verbis
958 4460 1222 4558 reprimatur,
1254 4459 1442 4530 omissum
1474 4477 1553 4528 esse
1585 4457 1696 4530 tratet-

370 4581 570 4686 tr'pendum
607 4589 695 4656 est:
741 4577 818 4656 Aut
866 4579 965 4652 certe
1015 4575 1214 4651 secundum
1259 4573 1519 4676 promissorem
1578 4572 1697 4653 iuter-
