3670 5222
559 269 600 317 ux
625 267 707 314 acras
731 266 1005 314 consummamus
1377 243 1435 312 tot

194 371 415 442 Sanctissimus
450 366 607 433 transtulit
640 365 677 432 ad
701 381 769 430 me·
890 363 1462 454 llioeceseosambituslatissimepa·

121 489 274 543 moratam
314 477 431 544 Sedem
468 479 506 540 ll.
539 477 573 539 P.
609 477 643 538 Ι).
685 472 766 539 llde-
824 477 880 546 tet,
907 469 1125 557 civitatesque,
1146 472 1243 560 vulgo
1266 482 1461 560 nuncupatas

62 617 66 625 ·
122 585 279 671 phonsum
315 583 434 648 lnlante
458 593 490 648 et
514 581 647 658 llacias,
672 581 762 645 cuius
825 577 946 642 Sancto
972 579 1079 650 Crura,
1109 579 1239 644 Gomara
1263 599 1297 645 ac
1321 581 1462 655 numa,

122 691 288 776 qualitates
305 691 343 754 ab
360 688 536 776 Apostolica
554 688 664 754 Sancta
682 684 765 754 Sede
823 683 882 749 sula
904 703 938 749 se
962 684 1197 772 complectitur.

122 795 316 882 adprobatae
351 794 467 872 luere,
493 813 565 859 oum
590 791 630 859 de
654 811 764 858 mense
890 807 1131 856 carunnaaunru
1167 810 1349 858 uocausran
1385 813 1458 858 onn-

123 905 201 967 llaio
228 905 316 969 reto
341 901 635 989 claudiopolitanae
657 901 763 966 Eccle·
823 917 908 964 rann.
936 916 1042 963 ranan.
1069 916 1129 983 per
1165 899 1285 965 obitum
1317 901 1368 966 bo.
1395 917 1459 965 me.

121 1011 183 1074 siae
210 1008 393 1096 praelectus
418 1008 490 1075 luit.
823 1005 944 1071 loannis
957 1004 1087 1070 Monetti
1102 1004 1204 1070 ultimi
1218 1005 1302 1072 illius
1311 1004 1460 1094 Episcopi
1533 1007 1538 1016 '

188 1115 277 1180 Fidei
301 1113 644 1200 professionememisit
659 1114 691 1180 in
703 1132 770 1178 ma·
823 1125 909 1177 extra
946 1130 1105 1178 romanam
1144 1113 1262 1179 coriam
1300 1112 1457 1180 defuncti:

125 1219 591 1286 nibnsll.l).ltidaciPalacios
612 1229 644 1284 et
665 1223 769 1285 lluran
822 1219 1041 1288 sanctissimus
1078 1219 1238 1306 promovit
1277 1220 1314 1287 ad
1351 1240 1462 1286 recen-

125 1326 768 1413 SeptensisEoclesiaeCanoniciSenioris
822 1325 911 1389 sitam
941 1324 1113 1390 Ecclesiam
1138 1327 1174 1390 lt.
1202 1329 1237 1391 n.
1265 1326 1460 1392 Fridericum

124 1432 306 1518 specialiter
321 1432 541 1516 deputatiall.
559 1435 590 1495 P.
610 1435 644 1496 l).
660 1434 768 1496 llarra-
823 1430 930 1496 Foschi
956 1449 995 1494 ex
1020 1429 1180 1518 legitimis,
1206 1431 1378 1512 catholicis,
1404 1433 1462 1498 lto·

125 1559 165 1604 no
190 1539 366 1622 Rampolla,
393 1539 649 1606 sancututuus
666 1537 769 1602 SUAE
823 1539 985 1622 nestisq-ue
1019 1535 1204 1622 parentibus
1236 1539 1267 1606 in
1290 1539 1384 1617 loco,
1409 1539 1459 1606 cui

128 1646 268 1710 Praelato
292 1644 470 1710 llotnestico
495 1656 526 1708 et
550 1644 583 1708 in
607 1642 772 1728 llispania·
823 1645 920 1733 vulgo
943 1662 1061 1710 nomen
1079 1645 1266 1710 Mortorono
1284 1646 1460 1714 doratensis

126 1770 196 1816 rum
223 1753 329 1837 regnis
353 1755 484 1818 Sanctae
501 1747 592 1818 Sedis
615 1745 772 1835 Apostoli·
824 1752 1005 1819 dioeceseos
1021 1752 1226 1838 progenitum
1250 1770 1285 1816 ac
1309 1751 1342 1819 in
1367 1752 1462 1819 trice·

125 1876 180 1922 cae
207 1859 409 1945 negotiorum
423 1855 462 1921 ad
480 1856 607 1920 interim
625 1857 766 1920 Gestore.
822 1861 903 1924 simo
935 1876 1020 1923 nono
1049 1857 1160 1924 aetatis
1181 1877 1256 1924 suae
1280 1877 1362 1924 anno
1385 1877 1463 1926 con·

193 1964 349 2041 Nivaria,
374 1964 471 2051 vulgo
511 1961 682 2048 Teneriffe,
711 1980 770 2028 una
822 1966 980 2031 stitutum.
1007 1965 1102 2030 Sacro
1125 1963 1360 2050 Presbyteratus
1376 1964 1463 2032 ordi·

126 2092 166 2137 ex
191 2071 302 2138 insulis
326 2069 507 2134 Fortunatis
530 2069 642 2134 Oceani
665 2070 773 2134 attan·
823 2091 891 2148 ne,
918 2083 950 2136 et
985 2072 1016 2136 in
1054 2081 1192 2158 utroque
1232 2073 1301 2137 iure
1339 2071 1461 2139 dudum

128 2181 196 2257 tici,
214 2180 304 2244 cuius
328 2187 375 2242 est
398 2189 492 2263 caput
509 2175 618 2241 civitas
634 2179 665 2243 S.
680 2175 772 2241 Glari-
824 2178 975 2244 doctorali
1001 2178 1106 2243 laurea
1131 2179 1277 2254 donatus,
1304 2178 1336 2244 in
1360 2179 1463 2246 eccle·

126 2284 268 2371 stophori
296 2283 336 2349 de
362 2287 487 2370 Lagona
504 2280 770 2366 nuncupatam
823 2283 953 2352 siasticis
983 2284 1198 2352 functionibus
1230 2283 1386 2350 obeundis
1409 2304 1464 2351 na·

130 2391 323 2479 Episcopalis
344 2389 441 2457 Sedes
466 2400 513 2456 est
538 2391 721 2465 constituta,
738 2396 771 2454 et
823 2411 894 2458 ram
919 2391 1074 2477 impendit
1112 2409 1253 2477 operam.
1280 2390 1464 2476 Metropoli·

130 2498 183 2564 obi
224 2498 311 2562 mille
346 2508 378 2561 et
414 2499 610 2586 quingentae
650 2495 771 2583 degunt
825 2511 913 2568 tanae
938 2497 1463 2566 RavennatensiscanonicosPoe·

133 2605 336 2670 familiaesub
351 2603 774 2689 temporalidomin'toprtss·
824 2608 1024 2678 nitentiarius
1047 2607 1212 2692 nucusque
1237 2606 1462 2684 renunciatus,

133 2711 184 2776 fall
207 2709 405 2778 serenissimi
433 2711 529 2797 Regis
553 2707 717 2775 Cdlholic't.
826 2717 880 2782 isso
905 2718 936 2782 in
959 2711 1130 2780 seminario
1164 2712 1307 2779 hectoris
1337 2721 1370 2777 θῑ
1401 2710 1466 2778 Λᾶ.

200 2815 396 2884 Gathedralis
422 2815 559 2881 Ecclesia
583 2817 616 2882 S·
633 2813 773 2880 Christo·
825 2821 1070 2897 ministratoris,
1095 2816 1274 2902 studiisque
1313 2816 1465 2904 regundis

134 2921 225 3010 ph0r'1
249 2923 292 2988 de
315 2926 458 3010 laddum,
483 2920 667 3010 magnificae
689 2931 774 2986 Stru-
826 2929 976 2994 Praefecti
1012 2944 1148 2992 munere
1182 2925 1368 3013 perlunctns
1403 2931 1461 2987 est.

134 3043 254 3108 cturae,
268 3031 300 3096 S.
317 3025 508 3093 Ferdinandi
526 3047 560 3092 ac
576 3030 608 3095 S.
626 3025 772 3092 lsabellae
828 3041 911 3102 {nter
937 3033 1060 3100 ludices
1084 3045 1116 3098 nt
1138 3028 1379 3120 pro-synodales
1402 3031 1465 3094 Eu-

135 3135 228 3201 lilul⁰
252 3134 418 3223 gloriatus,
445 3131 594 3220 quasdam
612 3133 775 3221 exigim-
827 3141 1029 3216 aminatores,
1055 3149 1148 3222 atque
1172 3133 1464 3201 archidioeoesanos

134 3241 313 3328 parationes
335 3251 430 3326 atqua
464 3239 639 3327 naspatonn
664 3239 775 3306 aratn·
829 3247 1075 3316 convisiaatores
1110 3244 1272 3320 adscitas,
1298 3243 1330 3307 in
1368 3239 1467 3304 masis

137 3347 287 3432 0P5⁵⁰⁰P⁰
311 3345 512 3432 suffragiim·
827 3355 980 3422 nullitatis
1004 3351 1277 3418 matrimoniorum
1314 3347 1467 3414 Delensor

204 3453 279 3518 Eius
315 3453 496 3537 Capitulum
530 3463 651 3520 constat
687 3455 773 3519 iuxta
828 3462 970 3530 adlectus
993 3470 1051 3525 est.

138 3560 287 3646 disposita
311 3579 369 3648 per·
392 3563 605 3649 apostolicam
630 3564 774 3629 Sanctam
896 3566 1007 3634 cervia
1031 3562 1182 3629 Aemiliae
1199 3561 1308 3627 civitas
1330 3558 1370 3626 ad
1393 3557 1467 3625 litos

139 3669 253 3735 Sedem
278 3678 311 3735 et
336 3669 459 3757 regium
480 3669 695 3757 Hispaniarum
714 3673 776 3736 Gu—
830 3673 952 3741 adriaci
984 3671 1079 3738 maris
1114 3668 1248 3735 ambitus
1272 3680 1319 3734 est
1343 3666 1466 3733 dimidii

140 3774 298 3842 bernium.
830 3780 980 3858 milliarii,
1005 3760 1194 3865 quingentas
1217 3775 1345 3840 circiter
1366 3773 1468 3841 conti-

204 3882 388 3950 Animarnm
413 3902 488 3949 cura
525 3886 659 3971 ipsamet
684 3905 777 3951 exer·
829 3901 886 3956 net
909 3888 1032 3964 domos,
1058 3903 1190 3968 eamque
1215 3882 1262 3948 bis
1284 3882 1371 3948 mille
1394 3882 1466 3968 plus

140 4001 231 4055 cetur
255 3990 288 4054 in
313 3989 501 4064 cathedrali,
830 3995 934 4062 minus
958 3991 1100 4058 incolunt
1123 3989 1220 4053 cives.

203 4099 280 4162 Tres
315 4110 524 4165 recensentur
556 4099 699 4166 Nivariae
722 4121 778 4188 pa·
899 4097 1090 4167 cathedralis
1114 4095 1249 4161 Ecclesia
1273 4097 1328 4163 SS.
1355 4097 1466 4162 Putem

140 4205 290 4270 roeciales
315 4205 496 4284 Ecclesiae,
520 4205 778 4292 duplex-mulie-
831 4207 913 4275 niani
939 4217 972 4271 et
994 4205 1135 4272 Gerontii
1166 4204 1258 4270 titulo
1293 4201 1464 4288 gloriatur,

140 4333 207 4380 rnna
232 4313 488 4389 monasteriaco
511 4311 775 4400 binahospitaliaa
831 4325 927 4401 atque
963 4311 1192 4379 Ravennatensi
1220 4309 1466 4394 archiepiscopo

139 4431 351 4486 nonsautem
375 4418 500 4502 pietatis
522 4431 618 4506 atque
640 4422 778 4489 semina·
830 4421 1031 4508 suffragatur.
1120 4455 1122 4460 ·
1199 4443 1205 4450 ·

139 4541 221 4590 noun
245 4523 483 4592 desiderantur.
899 4529 975 4594 Eius
999 4525 1179 4611 Capitulum
1212 4521 1289 4589 duas
1322 4534 1466 4587 recenset
