3622 5232
364 237 426 305 lul
944 257 1093 325 tuumne

360 379 439 432 esse
471 353 554 432 belli
583 379 625 429 ae
655 353 766 432 veluti
797 354 1002 432 brutorum.
1033 399 1051 414 ·
1078 356 1231 459 Insuper
1259 359 1448 459 acceptam
1473 357 1586 436 refert
1605 358 1686 436 Lu-

359 472 467 550 thero
494 477 533 549 et
562 475 884 569 Protestantismo,
918 480 1106 577 tamquam
1136 478 1322 553 societatis
1361 477 1594 567 beneficium,
1624 503 1687 554 re-

358 589 623 669 formationem
643 590 935 693 philosophicam
966 599 1005 670 et
1032 590 1329 673 reformationem
1359 594 1559 697 politicam,
1586 598 1687 672 unde

360 710 548 788 meliorem
577 711 709 786 asserit
736 708 872 788 factam
902 710 1015 790 fuisse
1044 722 1082 788 et
1108 737 1207 789 nuno
1234 738 1314 790 esse
1342 713 1584 790 conditionem
1618 739 1688 814 po-

358 832 526 936 pulorum
557 831 672 908 ferme
699 834 863 909 omnium
893 833 1107 912 Nationum.
1141 836 1356 914 -Constat
1396 837 1542 934 igitur,
1575 838 1687 914 Reli-

346 954 523 1056 gionem,
556 979 665 1054 quam
694 953 982 1034 comminiscitur
1011 959 1170 1052 Auctor,
1189 959 1435 1036 essentialiter
1462 983 1543 1034 esse
1570 958 1684 1036 aliern

358 1071 604 1174 aReligione
634 1072 810 1166 revelata,
842 1098 999 1177 eamque
1026 1095 1107 1152 esse
1135 1082 1278 1156 tantum
1309 1078 1544 1182 Religionem
1591 1079 1688 1180 poli-

358 1193 501 1286 ticam,
531 1193 869 1286 determinandam,
903 1197 1126 1292 regendam,
1160 1222 1202 1272 ac
1236 1197 1348 1274 etiam
1389 1223 1455 1299 pro
1493 1197 1685 1275 voluntate

358 1309 629 1396 reformandam
659 1340 682 1390 a
709 1314 862 1414 politica
890 1313 1075 1391 Potestate
1103 1317 1363 1419 eumaeumque
1392 1318 1541 1406 Status,
1575 1325 1687 1418 prout

357 1432 398 1508 in
425 1431 551 1508 Status
581 1433 890 1511 Protestantium.

437 1553 568 1640 Quoad
596 1575 682 1628 vero
713 1554 944 1656 Religionem
963 1554 1209 1646 catholicam,
1232 1557 1300 1634 sub
1319 1557 1469 1633 nomine
1490 1556 1683 1634 Ministro-

358 1697 454 1762 rum,
486 1673 689 1772 exprobare
717 1672 878 1750 intendit
906 1674 1091 1750 Ecclesiae
1119 1699 1313 1751 numerum
1344 1677 1571 1774 dogmatum,
1607 1701 1684 1752 mo-

357 1789 524 1891 raliaque
552 1795 747 1892 praecepta
774 1791 982 1868 libertatem
1003 1792 1190 1896 cogitandi
1211 1792 1442 1883 limitantia;
1472 1819 1515 1868 ac
1534 1795 1682 1870 modum

357 1910 628 2013 proponitque
655 1911 801 2013 possint
828 1912 1030 2005 (tuberum,
1062 1915 1129 1988 sub
1157 1913 1290 2014 quibus
1318 1913 1432 2014 viget,
1465 1939 1544 1988 eam
1574 1915 1683 1988 redu-

356 2053 469 2121 cere,
501 2036 543 2105 ut
571 2031 615 2105 ad
643 2053 790 2106 sensum
819 2029 1063 2108 Politieorum
1101 2029 1202 2105 utilis
1243 2013 1376 2106 evadat
1421 2029 1588 2107 societati
1622 2031 1683 2106 eui

356 2155 547 2251 praesunt.
573 2149 711 2230 Utilem
733 2153 857 2226 autem
886 2151 1049 2229 humano
1077 2149 1204 2254 generi
1224 2157 1263 2228 et
1281 2152 1448 2228 societati
1470 2150 1570 2228 illam
1590 2150 1683 2227 dicit

356 2295 434 2346 esse
465 2268 714 2372 Religionem,
747 2269 785 2345 in
813 2295 886 2371 qua
913 2294 1031 2371 pauca
1059 2270 1135 2346 sint
1154 2271 1338 2370 dogmata,
1363 2269 1682 2371 simplicioresque

356 2392 548 2494 religiosae
576 2392 887 2478 exercitationes,
921 2391 1024 2468 etin
1060 2415 1135 2492 qua
1177 2389 1463 2492 Metophysr'eue
1517 2392 1576 2488 (ut
1609 2390 1682 2490 ait)

348 2511 689 2616 protensionibus
716 2535 782 2584 eor
808 2511 1084 2594 substituetur,
1115 2509 1150 2585 id
1177 2518 1233 2586 est
1262 2511 1325 2612 (ex
1343 2511 1465 2610 operis
1484 2516 1682 2610 contextu)

353 2633 393 2709 iu
422 2657 495 2733 qua
524 2629 735 2716 moralibus,
768 2629 1005 2710 Christianae
1034 2627 1246 2731 Religionis
1274 2632 1478 2731 praeceptis
1498 2629 1685 2705 substitu-

355 2755 467 2828 antur
494 2751 614 2828 cordis
644 2747 824 2827 motiones
863 2753 901 2824 et
937 2747 1163 2825 affer-tiones.
1197 2747 1324 2838 Quoad
1363 2745 1519 2830 crimina
1556 2757 1682 2822 auteur

354 2875 484 2948 eontra
511 2868 758 2972 Religionem,
778 2867 996 2943 studendum
1026 2892 1108 2943 esse
1135 2867 1241 2942 docet
1258 2867 1462 2943 servandae
1489 2863 1685 2944 Tolleran·
1802 2867 1803 2938 Ῐ

354 2992 444 3082 tiae,
478 2990 595 3090 magis
623 3013 734 3090 quam
763 2988 897 3088 dogma
925 2993 1131 3090 protegere.

434 3106 546 3184 Patet
572 3107 699 3210 itaque
726 3106 898 3182 Auctoris
927 3104 1096 3196 consilia,
1119 3112 1158 3180 et
1186 3102 1326 3180 dictata
1344 3103 1389 3179 ad
1408 3100 1682 3178 reformandam
1802 3203 1803 3206 Ἴ

353 3254 418 3306 seu
457 3228 580 3330 potius
617 3227 660 3302 ad
701 3227 940 3304 evertendam
981 3225 1127 3300 tendere
1162 3222 1395 3302 Catholicam
1437 3221 1678 3321 Religionem
1802 3209 1803 3218 Ν

353 3351 460 3426 iuxta
486 3347 667 3448 principia
694 3343 1003 3421 protestantium.
1029 3343 1219 3443 Principia
1249 3341 1429 3443 siquidem
1450 3342 1496 3417 ab
1515 3340 1682 3416 Auctore

351 3467 472 3570 posita
499 3469 610 3566 atque
638 3469 779 3539 statuta
805 3487 871 3565 pro
890 3462 1160 3564 [legislatorum
1177 3467 1215 3536 et
1229 3458 1523 3538 Guberuantium
1543 3482 1679 3533 norma

352 3589 390 3662 in
423 3584 629 3684 Religionis
657 3583 806 3684 negotio
847 3607 890 3658 eo
927 3581 1163 3684 diriguntur:
1194 3589 1238 3656 ut
1277 3578 1407 3659 Clerus
1453 3575 1683 3654 diffidentiae
1802 3629 1803 3636 κ

352 3714 391 3783 et
418 3705 576 3782 ludibrio
604 3702 836 3805 populorum,
869 3725 906 3780 et
943 3703 1191 3779 ecelesiastica
1220 3700 1433 3778 Auctoritas
1462 3699 1676 3800 suspicioni,

352 3824 527 3914 invidiae,
544 3829 581 3901 et
600 3825 784 3925 despectui
802 3823 1374 3925 exponaturGubernantiumtul
1397 3819 1456 3898 vel
1476 3821 1582 3897 unico
1600 3823 1687 3894 tra·
1802 3839 1803 3892 i

354 3953 414 4022 ctu
446 3943 667 4030 avellantur,
691 3943 746 4020 vel
764 3944 947 4045 gradatim
977 3942 1236 4018 abalienantur
1255 3941 1376 4019 fideles
1395 3942 1440 4017 ab
1465 3938 1682 4040 Apostolica

352 4065 461 4159 Sede,
491 4064 706 4144 Catholicae
735 4064 908 4145 Unitatis
938 4067 1089 4138 centro:
1119 4072 1163 4136 ot
1192 4061 1376 4162 quaelibet
1403 4061 1604 4160 abrogetur
1618 4085 1682 4134 ec-

353 4182 560 4261 elesiastioa
588 4183 794 4260 iurisdictio
822 4184 861 4259 in
890 4182 969 4260 foro
997 4187 1161 4272 externe,
1186 4187 1223 4257 et
1251 4182 1290 4256 in
1319 4182 1491 4257 omnibus
1512 4181 1680 4256 externis

353 4302 589 4380 actionibus:
620 4313 664 4380 ut
692 4304 748 4380 ius
776 4305 826 4378 sit
854 4301 1027 4403 politicae
1057 4301 1238 4377 Potestati
1261 4300 1471 4377 moderandi
1501 4306 1538 4374 et
1567 4300 1684 4377 etiam
1802 4367 1803 4398 ,

353 4423 528 4502 variandi
565 4425 831 4502 ecclesiasticas
868 4424 1148 4516 Institutiones,
1178 4427 1218 4497 et
1255 4421 1521 4499 [astructiones
1566 4421 1684 4496 etiarn
1802 4441 1803 4492 1

354 4543 605 4638 elementares,
630 4545 836 4622 excutiendi
858 4541 1073 4622 Catholicae
1092 4541 1279 4618 Ecclesiae
1299 4543 1494 4631 dotrinam,
1514 4543 1619 4616 aede
1639 4571 1685 4616 ca
1802 4553 1803 4556 ’
