3670 5222
567 276 606 322 aa
631 276 715 322 rcrrs
740 275 1016 324 corsrsroarutrrus
1400 262 1461 336 tto

133 378 199 442 sive
224 396 296 442 cum
329 378 364 444 in
396 394 506 443 menso
541 373 651 438 llartio
689 375 772 438 18611
821 371 859 438 ad
895 374 975 438 ultra
1011 374 1120 440 decem
1160 376 1192 443 in
1227 379 1459 466 longitudinem

135 486 171 550 od
189 485 361 551 Ecclesiam
377 486 588 552 ciennensem
610 483 775 548 translatus
821 479 1057 565 protenditur,
1098 485 1263 571 plusquam
1306 500 1460 556 tercentus

137 591 207 654 luit.
820 595 965 681 continet
987 617 1059 663 cum
1085 599 1259 685 baptismali
1297 603 1381 669 lonte
1406 624 1462 689 pa-

203 696 345 762 Valentia
372 717 431 762 una
456 716 495 762 ex
519 694 699 781 praecipuis
723 693 777 759 lii-
821 704 959 782 coccias,
985 705 1157 791 pluresque
1180 706 1238 771 sub
1262 728 1295 773 se
1319 711 1455 796 comple

134 804 315 888 spaniarum
339 802 484 880 urbibus,
503 814 534 868 et
553 801 706 868 Valentini
725 819 777 866 re·
821 809 915 876 ctitur
938 812 1079 879 civitates
1104 827 1136 880 et
1160 815 1238 880 1002,

135 910 186 998 gni
224 921 319 997 caput
356 909 395 976 ad
431 927 516 974 oram
548 904 773 974 mediterranei
886 919 1185 984 ttmopotmm
1235 924 1458 989 Eccum

134 1017 227 1081 1111113
251 1014 434 1092 aedificata,
461 1015 573 1082 1118110
598 1013 775 1080 1111118111·
820 1027 1017 1092 Ecnnunrsu.
1046 1046 1153 1093 lactan.
1181 1047 1239 1114 per
1270 1027 1388 1094 obituro
1416 1033 1456 1097 cl.

134 1121 214 1187 citer
245 1122 352 1188 leucae
377 1120 519 1198 ambitu,
545 1120 678 1206 eiusque
701 1118 776 1184 sub-
820 1149 918 1196 mem,
936 1131 1042 1198 ttotstt
1069 1134 1144 1200 dum
1170 1134 1293 1200 atvefflt
1310 1138 1341 1204 s,
1363 1141 1398 1202 p,
1419 1141 1454 1202 Ε,

134 1225 232 1292 urhis
255 1226 336 1292 ultra
362 1225 531 1313 nonaginta
561 1227 704 1291 continet
728 1226 775 1289 tn·
820 1237 994 1323 Presbyteri
1022 1240 1194 1306 colomis
1212 1242 1381 1306 vernat-uu
1402 1247 1459 1309 oa-

134 1333 271 1399 colorum
296 1332 462 1398 1111111131111
491 1330 775 1419 1111111011111101111·
818 1347 885 1411 soni
920 1350 1070 1432 postremi
1105 1349 1187 1413 illius
1219 1351 1454 1437 Archiepiscopi

132 1439 185 1505 nio
208 1440 341 1524 praelati
377 1437 574 1506 serenissimi
599 1439 693 1525 Regis
718 1439 775 1504 ca·
819 1435 903 1521 apud
942 1454 1100 1501 romanam
1141 1438 1258 1504 curiam
1298 1439 1453 1506 deiuncti:

134 1543 257 1612 tholici,
819 1537 1037 1605 Sanctissimus
1077 1539 1235 1605 transtulit
1269 1541 1307 1606 ad
1349 1562 1459 1610 recen·

198 1649 441 1736 Metropolitana
465 1650 615 1728 Ecclesia,
635 1651 773 1737 optimae
817 1645 909 1710 sitam
936 1645 1106 1710 Ecclesiam
1140 1649 1283 1714 tt.t³.,c.
1304 1648 1456 1714 dloisium

134 1757 353 1845 elegantisque
376 1768 565 1834 structurae,
584 1759 678 1822 Bmae
703 1757 774 1823 ilir-
817 1751 986 1828 cicadam,
1012 1751 1101 1818 cuins
1125 1755 1288 1838 qualitates
1311 1754 1348 1820 ab
1374 1759 1459 1845 Apo·

133 1863 213 1950 ginis
243 1864 357 1932 llariae
381 1862 413 1928 in
438 1862 563 1928 coelum
587 1867 772 1951 Assumptus
816 1858 923 1926 stolica
941 1860 1050 1926 sancta
1068 1859 1152 1929 Sede
1174 1859 1364 1944 adprobatae
1389 1864 1458 1928 luc-

136 1973 227 2038 titulc
252 1973 416 2061 gloriatur,
441 1972 559 2038 nullius
583 1985 658 2061 eget
681 1993 774 2060 repa·
817 1985 879 2043 rc·
904 1985 976 2031 cum
1004 1966 1044 2032 116
1080 1985 1188 2033 mense
1223 1968 1332 2034 1111110
1371 1973 1451 2036 1871

137 2080 279 2158 rationis,
297 2080 392 2165 eique
416 2081 500 2145 iuxta
519 2081 712 2168 Apostoljcas
728 2083 773 2146 Li.
816 2070 1080 2156 Philadelphlensl
1099 2073 1256 2138 Ecclesiae
1278 2074 1456 2159 praefectus

133 2197 212 2250 teras
236 2185 322 2250 cdd
352 2187 546 2252 Vicorr'cm»
572 2185 656 2253 datas
680 2189 771 2253 nouis
817 2177 888 2243 fuit·

133 2289 328 2374 Septembris
349 2295 428 2360 issi
448 2281 583 2375 qua'tuor
598 2291 771 2380 suffragan·
882 2284 1021 2350 Ferraria
1045 2285 1117 2351 satis
1133 2299 1206 2352 nota
1221 2307 1255 2352 ac
1272 2298 1454 2374 pervetusta

132 2407 183 2460 tur
206 2396 367 2482 Episcopi.
817 2393 969 2457 Aemiliae
983 2390 1101 2468 ciuitas,
1114 2395 1209 2477 plano
1227 2395 1257 2460 in
1273 2396 1341 2460 loco
1353 2411 1455 2482 prope

196 2503 272 2568 Eius
306 2502 487 2588 Capitulum
521 2523 561 2569 ex
594 2507 771 2591 praecitatis
816 2498 934 2565 Padum
967 2497 1085 2565 llumen
1121 2499 1305 2578 aedificata,
1333 2503 1362 2567 in
1397 2523 1454 2568 suo

133 2607 244 2674 citeris
275 2610 463 2696 Apostolicis
498 2629 553 2676 sert
583 2611 771 2682 adnumerat
814 2618 938 2694 septem
964 2605 1030 2670 lere
1053 2606 1232 2672 milliarium
1257 2608 1374 2672 ambitu
1399 2629 1453 2674 sex

131 2715 313 2802 dignitates,
328 2737 461 2802 quarum
474 2731 545 2804 post
558 2717 770 2804 pontificalem
815 2715 903 2780 mille
915 2712 1057 2780 continet
1071 2715 1193 2790 domos,
1208 2727 1302 2800 atcpue
1318 2715 1357 2781 ab
1373 2717 1454 2781 ultra

131 2823 231 2906 prima
255 2825 455 2902 Decanatus,
482 2837 618 2909 quatuor
642 2825 771 2912 insuper
815 2822 927 2910 viginti
951 2831 1073 2905 septem
1102 2819 1240 2886 millibus
1265 2821 1454 2888 inhabitatur

131 2945 203 2990 cum
227 2925 379 3016 theologo
396 2948 429 2994 ac
450 2931 698 3016 poenitentiario
714 2935 771 2998 ca·
817 2931 937 2997 incolis.

130 3033 306 3100 nonicosdc
318 3035 583 3119 oficioserdecim
597 3039 631 3103 dc
643 3042 768 3120 procia,
882 3034 1119 3120 Metropolitana
1145 3036 1280 3102 Ecclesia
1298 3037 1455 3121 Apostoli·

129 3157 163 3202 ac
188 3141 319 3207 demum
344 3143 458 3230 viginti
483 3143 701 3212 Beneficiatos.
816 3161 870 3208 cae
884 3145 1013 3211 sauctae
1027 3141 1098 3208 sedi
1119 3141 1300 3207 immediate
1312 3141 1452 3207 subiecta

194 3252 256 3314 Per
270 3249 351 3316 duos
368 3250 519 3329 llicarios,
536 3269 671 3336 quorum
689 3253 769 3317 alter
815 3249 1013 3316 invocatione
1030 3249 1146 3336 gaudet
1156 3251 1342 3315 Sanctorum
1356 3251 1454 3314 Geor·

128 3367 318 3440 perpetuus,
340 3358 515 3421 animarum
539 3377 611 3422 cura
636 3358 768 3444 ipsamet
815 3357 865 3444 gei
889 3366 923 3422 et
944 3355 1085 3421 Maurelii
1110 3359 1303 3440 Martyrum,
1330 3355 1382 3439 qui
1409 3357 1454 3420 ci·
1571 3439 1574 3448 Ι

130 3470 298 3527 exercetur
320 3462 352 3528 in
377 3464 629 3549 metropolitana.
812 3461 918 3526 vitatis
946 3461 1044 3547 ipsius
1078 3474 1150 3528 sunt
1186 3463 1330 3537 Patroni,
1357 3461 1452 3546 eique

194 3568 368 3635 Duodecim
383 3578 547 3654 praeterea
562 3580 768 3634 recensentur
813 3568 917 3634 nullus
940 3567 1128 3654 suffragatur·
1151 3569 1339 3654 Episcopus.

128 3674 291 3742 valentiae
313 3676 507 3763 paroeciales
530 3675 698 3752 Ecclesiae,
725 3677 768 3741 al·
879 3675 955 3737 Tres
978 3672 1161 3760 dignitates,
1180 3693 1218 3738 ex
1243 3674 1358 3759 quibus
1379 3685 1452 3760 post

128 3789 261 3865 ceraque
278 3781 311 3846 in
325 3779 478 3860 suburbio
492 3779 664 3866 baptismali
682 3781 766 3846 lome
813 3777 1025 3866 pontificalem
1042 3861 1045 3866 Ι
1063 3779 1160 3844 maior
1192 3780 1453 3865 Archipresbyte-

127 3887 295 3963 munitae,
321 3884 475 3970 quaedam
500 3905 558 3972 pro
582 3887 769 3952 mulieribus
816 3899 918 3962 ratus,
944 3887 1140 3950 constituunt
1165 3887 1232 3950 eius
1256 3887 1449 3973 capitulum,

127 3992 767 4082 religiosaedomus,nounullaelaioorum
815 3994 900 4078 quod
932 3991 1100 4058 duodecim
1133 3993 1263 4077 insuper
1287 4002 1452 4058 enumerat

126 4099 333 4177 sodalitates,
358 4099 429 4164 bina
461 4098 646 4184 hospitalia,
671 4111 767 4184 atqua
815 4101 989 4166 canonicos
1004 4117 1076 4164 cum
1095 4109 1231 4183 utraque
1255 4095 1448 4182 praebenda,

126 4207 354 4284 seminarium
379 4225 470 4272 mons
504 4219 608 4272 autem
643 4208 767 4293 pietatis
814 4219 884 4271 octo
903 4203 1135 4278 Mansiouarios,
1154 4204 1319 4287 plusquam
1336 4200 1448 4289 viginti

126 4313 337 4380 desideratur.
814 4311 1053 4388 Beneficiarios‚
1078 4311 1218 4394 aliosque
1248 4307 1450 4394 Presbyteros

193 4419 472 4488 Archidioeceseos
492 4419 626 4486 ambitus
643 4420 680 4485 ad
696 4439 764 4484 seu·
813 4427 845 4482 et
870 4416 1008 4483 elericos
1025 4415 1134 4482 divino
1149 4416 1278 4480 servitio
1295 4411 1447 4479 addictos.

126 4523 229 4592 decim
265 4525 331 4590 iere
366 4526 470 4592 leucas
494 4526 526 4592 in
551 4525 764 4602 latitudinem,
879 4528 977 4588 Penes
991 4521 1449 4607 Capitulumertatlrabitualis

856 4814 871 4845 t·
