3670 5222
555 287 646 337 suren
672 288 872 335 rtaruaastms
895 286 1040 336 urssmu!
1397 266 1454 335 lit

209 413 228 458 ›
259 381 382 473 Quare
411 385 662 464 Eminentiam
693 387 862 462 Vestram
892 384 1001 461 enixe
1031 409 1074 460 aa
1100 381 1306 460 humillime
1328 409 1459 488 precor

107 529 150 574 *s
181 516 220 579 ut
249 527 315 602 pro
345 528 433 605 pace
460 504 697 582 conscentiae
727 527 830 579 meae
858 505 902 579 ad
931 500 1042 578 dubia
1070 502 1265 602 sequentia
1306 526 1459 604 respon-

132 623 265 698 ›dere
292 623 481 724 dignetur.
530 624 566 702 l.
613 619 749 700 Utrum
791 622 978 724 praedicta
1022 623 1244 700 consuetudo
1289 622 1459 699 absolute

132 773 147 813 »
181 741 408 844 prohibenda
436 744 499 821 sit.
530 742 635 831 Quod
664 744 695 819 si
723 749 913 846 nepatiue.

208 891 227 934 ›
258 861 298 939 2.
330 865 468 944 Utrum
498 862 646 940 tolerari
689 864 817 964 possit,
850 875 936 940 oasa
965 883 1039 964 quo
1066 862 1267 962 quotannis
1306 859 1458 965 praevia

131 1011 147 1050 ι
179 980 244 1056 illa
273 978 430 1082 diligens
458 983 575 1058 totius
603 981 656 1056 rei
684 981 883 1083 explicatio
912 980 1055 1084 Populo
1084 979 1163 1057 fiat.
1196 979 1299 1067 Quod
1328 981 1358 1056 si
1388 984 1458 1081 af-

130 1101 384 1200 »firmative

211 1250 229 1290 ›
262 1219 300 1297 3.
324 1221 476 1312 Utrum,
496 1219 527 1296 si
547 1219 659 1296 timor
677 1219 787 1296 sitne
808 1217 865 1295 vel
889 1219 1120 1298 Missionarii
1142 1221 1330 1322 praeviam
1354 1219 1456 1298 illam

132 1367 149 1410 »
178 1336 395 1442 diligentem
424 1364 578 1439 eamque
605 1339 752 1440 plenam
782 1340 892 1416 totius
920 1338 973 1415 rei
1002 1338 1284 1440 explicationem
1314 1338 1459 1442 Populo

131 1489 149 1530 ι
180 1462 396 1560 praebeant,
416 1459 472 1535 vel
501 1458 666 1559 Populus
686 1481 765 1534 eam
787 1465 877 1534 satis
897 1457 1094 1560 intelligat,
1113 1458 1331 1537 Ordinarius
1349 1460 1458 1535 istam

132 1609 150 1651 >
180 1580 480 1656 consuetudinem
510 1578 706 1681 prohibere
734 1579 849 1680 possit
874 1583 913 1655 et
940 1579 1186 1655 Missionariis
1205 1580 1398 1682 iniungere
1419 1583 1461 1655 ut

134 1726 247 1803 ›pro
275 1708 355 1778 tota
382 1727 528 1778 summa
556 1699 766 1777 contributa
804 1701 903 1777 intra
931 1701 1051 1801 ipsum
1091 1725 1254 1778 mensem
1302 1703 1457 1777 Novem·
1568 1785 1576 1798 .

135 1849 151 1888 ι
183 1819 260 1896 bris
287 1823 343 1894 tat
372 1820 542 1922 legantur
571 1818 630 1895 vel
657 1823 854 1894 cantentur
883 1817 1050 1912 Missae,
1083 1827 1173 1920 quot
1200 1819 1237 1894 in
1267 1843 1311 1895 ea
1339 1817 1459 1895 conti·

134 1969 150 2010 »
181 1945 316 2014 nentur
345 1938 539 2039 stipendia,
562 1961 630 2039 pro
658 1937 785 2014 Missis
814 1939 892 2012 sive
920 1933 1024 2013 lectis
1049 1936 1127 2013 sive
1155 1939 1331 2014 cantatis.
1354 1937 1460 2027 Quod

133 2085 150 2123 s
182 2055 213 2130 si
243 2056 484 2157 affirmative.

213 2206 231 2246 ›
262 2177 301 2251 4.
335 2178 474 2255 Utrum
504 2177 550 2251 ob
579 2174 776 2269 rationem,
806 2176 904 2277 quod
932 2173 1069 2252 Missae
1100 2174 1182 2253 illae
1210 2177 1310 2255 intra
1336 2179 1457 2280 ipsum

134 2327 151 2368 »
182 2320 342 2371 mensem
374 2293 591 2372 Novembris
620 2293 793 2395 legendae
820 2293 881 2369 vel
900 2297 1105 2371 cantandae
1131 2297 1217 2390 sint,
1242 2297 1460 2376 Ordinarius

136 2448 150 2486 ι
181 2421 396 2492 consuetum
435 2416 633 2492 Missurum
677 2415 757 2490 sive
795 2414 1034 2514 legendarum
1074 2417 1154 2492 sive
1190 2422 1460 2494 cantandarum

135 2537 391 2639 »stipendium
421 2562 488 2639 pro
516 2561 633 2636 aequo
661 2561 727 2613 suo
766 2536 919 2613 arbitrio
959 2563 1025 2640 pro
1054 2537 1128 2613 illis
1174 2539 1300 2614 Missis
1346 2541 1463 2641 possit

136 2684 151 2720 »
181 2681 332 2758 augere.
370 2685 388 2727 s
841 2647 844 2652 ’

207 2773 385 2862 Quaestio
431 2773 522 2850 haec
551 2776 598 2849 ab
625 2774 721 2852 limo
759 2774 952 2852 Praefecto
980 2776 1019 2855 S.
1052 2778 1096 2855 Ο.
1128 2777 1171 2853 de
1212 2778 1461 2878 propaganda

132 2893 218 2968 Fide
246 2896 292 2970 ad
320 2893 361 2970 S.
392 2892 549 2970 Consilii
578 2894 912 2995 [longi-egationem
946 2896 1159 2972 resolvenda
1188 2899 1343 2973 remissa
1376 2897 1458 2972 luit..

544 3073 793 3140 Disceptatio
817 3076 1045 3140 carroperae.

209 3211 266 3288 Mn
295 3233 394 3294 onan
420 3233 567 3288 cannam
610 3235 916 3290 oonsunrunrunu
963 3238 1169 3292 rnosrxnr.
1216 3217 1256 3291 ln
1297 3216 1461 3293 Concilio

130 3331 345 3407 Tridentino
371 3333 476 3408 Sess.
508 3331 587 3414 22,
622 3333 773 3410 Decreta
802 3335 849 3412 de
877 3335 1128 3412 observandis
1147 3347 1181 3413 ct
1208 3341 1399 3416 evitandis
1420 3347 1461 3413 in

131 3449 379 3526 celebratione
409 3449 553 3526 Missae
582 3450 679 3526 inter
698 3452 770 3528 alia
790 3454 1066 3552 praescribitur.
1094 3485 1110 3524 ‹
1134 3455 1257 3556 Atque
1275 3468 1319 3530 ut
1339 3458 1461 3532 marlia

126 3575 262 3670 paucis
290 3571 681 3671 comprehendantur,
705 3581 742 3644 in
766 3579 929 3673 primis,
946 3575 1048 3674 quod
1075 3574 1127 3648 ad
1145 3581 1356 3650 auaritiam
1370 3601 1462 3677 prr-

107 3698 236 3773 *tinet‚
279 3695 454 3772 cuiusuis
500 3697 655 3792 perieris
697 3692 917 3767 mercedum
964 3693 1195 3768 conditiones
1216 3749 1229 3776 ,
1251 3708 1397 3795 pacta,
1429 3704 1462 3770 et

127 3807 318 3910 quidquid
337 3832 413 3910 pra
443 3808 578 3886 Missis
605 3817 716 3886 nouis
745 3811 981 3887 celebrandis
1008 3812 1142 3896 alatur,
1171 3836 1239 3886 nea
1283 3838 1362 3887 nan
1390 3820 1460 3890 im·

122 3939 319 4031 portunus
346 3939 458 4030 atque
486 3931 698 4006 illiberales
727 3931 1061 4030 eleemosynarum
1079 3937 1312 4018 coactiones,
1325 3941 1459 4035 potius

127 4071 245 4147 quarn
266 4050 569 4150 postulationes,
599 4049 752 4150 aliaque
780 4049 1031 4140 huiusmodi,
1065 4077 1162 4154 quae
1191 4079 1215 4127 a
1242 4059 1458 4130 simoniaca

128 4167 210 4242 labe
236 4165 298 4242 ael
324 4177 423 4242 certe
449 4193 474 4242 a
501 4173 611 4270 turpi
638 4179 797 4269 quaestu
827 4193 903 4242 non
946 4171 1060 4272 lonpe
1102 4171 1269 4254 absunt,
1300 4179 1457 4249 omnino

128 4287 370 4388 prohibeant.

208 4405 329 4506 Super
355 4405 536 4481 eiusmodi
565 4408 710 4482 decreto
742 4406 855 4482 innixi
887 4407 1049 4484 Romani
1088 4407 1289 4483 Pontifices
1336 4411 1459 4484 varias

131 4524 320 4601 ediderunt
347 4525 654 4615 Constitutione,
675 4524 808 4624 quitus
838 4527 1107 4626 inopportunae
1136 4533 1173 4600 et
1199 4527 1459 4604 immoderatae

131 4639 448 4728 eleemosynarum
476 4665 542 4740 pro
572 4643 697 4720 Missis
725 4646 938 4722 exactiones
980 4644 1257 4743 impedirentur.
1290 4647 1459 4724 Admissa
