<?xml version="1.0" encoding="UTF-8"?>
<!DOCTYPE html PUBLIC "-//W3C//DTD XHTML 1.0 Transitional//EN"
    "http://www.w3.org/TR/xhtml1/DTD/xhtml1-transitional.dtd">
<html xmlns="http://www.w3.org/1999/xhtml" xml:lang="en" lang="en">
 <head>
  <title>
</title>
<meta http-equiv="Content-Type" content="text/html;charset=utf-8" />
  <meta name='ocr-system' content='tesseract 3.04.00' />
  <meta name='ocr-capabilities' content='ocr_page ocr_carea ocr_par ocr_line ocrx_word'/>
</head>
<body>
  <div class='ocr_page' id='page_1' title='image "actasanctaesedi05popegoog_0160.png"; bbox 0 0 3670 5222; ppageno 0'>
   <div class='ocr_carea' id='block_1_1' title="bbox 757 243 1481 319">
    <p class='ocr_par' dir='ltr' id='par_1_1' title="bbox 757 243 1481 319">
     <span class='ocr_line' id='line_1_1' title="bbox 757 243 1481 319; baseline 0.008 -6"><span class='ocrx_word' id='word_1_1' title='bbox 757 267 906 315; x_wconf 75' lang='lat' dir='ltr'>ornnrrro</span> <span class='ocrx_word' id='word_1_2' title='bbox 1420 243 1481 319; x_wconf 73' lang='lat' dir='ltr'>lta</span> 
     </span>
    </p>
   </div>
   <div class='ocr_carea' id='block_1_2' title="bbox 136 363 1532 4665">
    <p class='ocr_par' dir='ltr' id='par_1_2' title="bbox 142 363 1483 2994">
     <span class='ocr_line' id='line_1_2' title="bbox 153 363 1481 472; baseline 0.007 -35"><span class='ocrx_word' id='word_1_3' title='bbox 153 387 265 460; x_wconf 79' lang='lat' dir='ltr'>gnus.</span> <span class='ocrx_word' id='word_1_4' title='bbox 291 365 351 442; x_wconf 89' lang='lat' dir='ltr'>sed</span> <span class='ocrx_word' id='word_1_5' title='bbox 380 363 590 465; x_wconf 76' lang='lat' dir='ltr'>argumenti</span> <span class='ocrx_word' id='word_1_6' title='bbox 619 364 815 453; x_wconf 88' lang='lat' dir='ltr'>varietate,</span> <span class='ocrx_word' id='word_1_7' title='bbox 839 368 875 438; x_wconf 90' lang='lat' dir='ltr'>et</span> <span class='ocrx_word' id='word_1_8' title='bbox 893 389 1057 442; x_wconf 86' lang='lat' dir='ltr'>errorum</span> <span class='ocrx_word' id='word_1_9' title='bbox 1078 366 1315 444; x_wconf 89' lang='lat' dir='ltr'>multitudine</span> <span class='ocrx_word' id='word_1_10' title='bbox 1338 366 1481 472; x_wconf 82' lang='lat' dir='ltr'>niagnls</span> 
     </span>
     <span class='ocr_line' id='line_1_3' title="bbox 152 481 1483 588; baseline 0.014 -37"><span class='ocrx_word' id='word_1_11' title='bbox 152 481 407 560; x_wconf 69' lang='lat' dir='ltr'>voluminibus</span> <span class='ocrx_word' id='word_1_12' title='bbox 434 482 624 559; x_wconf 90' lang='lat' dir='ltr'>habendus</span> <span class='ocrx_word' id='word_1_13' title='bbox 651 493 708 558; x_wconf 89' lang='lat' dir='ltr'>est</span> <span class='ocrx_word' id='word_1_14' title='bbox 726 483 989 584; x_wconf 72' lang='lat' dir='ltr'>aequipollens.</span> <span class='ocrx_word' id='word_1_15' title='bbox 1009 507 1052 560; x_wconf 87' lang='lat' dir='ltr'>co</span> <span class='ocrx_word' id='word_1_16' title='bbox 1073 483 1144 562; x_wconf 86' lang='lat' dir='ltr'>tine</span> <span class='ocrx_word' id='word_1_17' title='bbox 1159 511 1202 562; x_wconf 90' lang='lat' dir='ltr'>ac</span> <span class='ocrx_word' id='word_1_18' title='bbox 1223 486 1386 588; x_wconf 88' lang='lat' dir='ltr'>maligna</span> <span class='ocrx_word' id='word_1_19' title='bbox 1407 515 1483 570; x_wconf 82' lang='lat' dir='ltr'>rna·</span> 
     </span>
     <span class='ocr_line' id='line_1_4' title="bbox 148 602 1482 704; baseline 0.008 -29"><span class='ocrx_word' id='word_1_20' title='bbox 148 602 357 702; x_wconf 88' lang='lat' dir='ltr'>gistrorum</span> <span class='ocrx_word' id='word_1_21' title='bbox 385 603 591 704; x_wconf 81' lang='lat' dir='ltr'>iniquitatis</span> <span class='ocrx_word' id='word_1_22' title='bbox 619 605 701 678; x_wconf 89' lang='lat' dir='ltr'>arte</span> <span class='ocrx_word' id='word_1_23' title='bbox 730 605 772 678; x_wconf 90' lang='lat' dir='ltr'>ad</span> <span class='ocrx_word' id='word_1_24' title='bbox 801 627 919 704; x_wconf 88' lang='lat' dir='ltr'>pauca</span> <span class='ocrx_word' id='word_1_25' title='bbox 945 602 1036 680; x_wconf 88' lang='lat' dir='ltr'>folia</span> <span class='ocrx_word' id='word_1_26' title='bbox 1061 602 1143 680; x_wconf 90' lang='lat' dir='ltr'>ideo</span> <span class='ocrx_word' id='word_1_27' title='bbox 1163 604 1344 692; x_wconf 81' lang='lat' dir='ltr'>redactus,</span> <span class='ocrx_word' id='word_1_28' title='bbox 1370 612 1410 684; x_wconf 91' lang='lat' dir='ltr'>ut</span> <span class='ocrx_word' id='word_1_29' title='bbox 1428 609 1482 686; x_wconf 93' lang='lat' dir='ltr'>sic</span> 
     </span>
     <span class='ocr_line' id='line_1_5' title="bbox 149 722 1481 829; baseline 0.005 -32"><span class='ocrx_word' id='word_1_30' title='bbox 149 723 262 799; x_wconf 90' lang='lat' dir='ltr'>molis</span> <span class='ocrx_word' id='word_1_31' title='bbox 291 723 498 825; x_wconf 74' lang='lat' dir='ltr'>exiguitate</span> <span class='ocrx_word' id='word_1_32' title='bbox 526 727 566 799; x_wconf 90' lang='lat' dir='ltr'>et</span> <span class='ocrx_word' id='word_1_33' title='bbox 595 723 807 799; x_wconf 74' lang='lat' dir='ltr'>modicitate</span> <span class='ocrx_word' id='word_1_34' title='bbox 836 722 944 823; x_wconf 86' lang='lat' dir='ltr'>pretii</span> <span class='ocrx_word' id='word_1_35' title='bbox 974 722 1118 801; x_wconf 89' lang='lat' dir='ltr'>facilius</span> <span class='ocrx_word' id='word_1_36' title='bbox 1147 751 1227 801; x_wconf 90' lang='lat' dir='ltr'>esse</span> <span class='ocrx_word' id='word_1_37' title='bbox 1256 727 1373 827; x_wconf 88' lang='lat' dir='ltr'>possit</span> <span class='ocrx_word' id='word_1_38' title='bbox 1393 753 1481 829; x_wconf 91' lang='lat' dir='ltr'>prae</span> 
     </span>
     <span class='ocr_line' id='line_1_6' title="bbox 145 842 1481 948; baseline 0.004 -29"><span class='ocrx_word' id='word_1_39' title='bbox 145 845 318 921; x_wconf 90' lang='lat' dir='ltr'>omnium</span> <span class='ocrx_word' id='word_1_40' title='bbox 351 845 519 926; x_wconf 89' lang='lat' dir='ltr'>manibus</span> <span class='ocrx_word' id='word_1_41' title='bbox 547 845 592 919; x_wconf 89' lang='lat' dir='ltr'>ad</span> <span class='ocrx_word' id='word_1_42' title='bbox 620 842 805 944; x_wconf 88' lang='lat' dir='ltr'>quaelibet</span> <span class='ocrx_word' id='word_1_43' title='bbox 835 843 959 920; x_wconf 88' lang='lat' dir='ltr'>studia</span> <span class='ocrx_word' id='word_1_44' title='bbox 989 844 1197 938; x_wconf 86' lang='lat' dir='ltr'>inficienda,</span> <span class='ocrx_word' id='word_1_45' title='bbox 1215 857 1251 921; x_wconf 93' lang='lat' dir='ltr'>et</span> <span class='ocrx_word' id='word_1_46' title='bbox 1272 847 1481 948; x_wconf 88' lang='lat' dir='ltr'>depravan-</span> 
     </span>
     <span class='ocr_line' id='line_1_7' title="bbox 144 963 1481 1058; baseline 0.006 -20"><span class='ocrx_word' id='word_1_47' title='bbox 144 964 233 1039; x_wconf 90' lang='lat' dir='ltr'>darn</span> <span class='ocrx_word' id='word_1_48' title='bbox 266 967 494 1041; x_wconf 87' lang='lat' dir='ltr'>iuventutern</span> <span class='ocrx_word' id='word_1_49' title='bbox 524 963 723 1040; x_wconf 89' lang='lat' dir='ltr'>cuiuslibet</span> <span class='ocrx_word' id='word_1_50' title='bbox 750 963 896 1053; x_wconf 70' lang='lat' dir='ltr'>aetatis</span> <span class='ocrx_word' id='word_1_51' title='bbox 928 964 1068 1039; x_wconf 80' lang='lat' dir='ltr'>ordinis</span> <span class='ocrx_word' id='word_1_52' title='bbox 1095 968 1134 1039; x_wconf 92' lang='lat' dir='ltr'>et</span> <span class='ocrx_word' id='word_1_53' title='bbox 1161 965 1396 1058; x_wconf 89' lang='lat' dir='ltr'>conditionis,</span> <span class='ocrx_word' id='word_1_54' title='bbox 1423 995 1481 1046; x_wconf 88' lang='lat' dir='ltr'>re-</span> 
     </span>
     <span class='ocr_line' id='line_1_8' title="bbox 143 1081 1479 1186; baseline 0.007 -29"><span class='ocrx_word' id='word_1_55' title='bbox 143 1082 404 1186; x_wconf 90' lang='lat' dir='ltr'>ligionemque</span> <span class='ocrx_word' id='word_1_56' title='bbox 432 1082 739 1160; x_wconf 82' lang='lat' dir='ltr'>labefactandam.</span> <span class='ocrx_word' id='word_1_57' title='bbox 773 1081 830 1157; x_wconf 79' lang='lat' dir='ltr'>Ex</span> <span class='ocrx_word' id='word_1_58' title='bbox 859 1081 1108 1160; x_wconf 66' lang='lat' dir='ltr'>callidioribus</span> <span class='ocrx_word' id='word_1_59' title='bbox 1136 1086 1269 1186; x_wconf 90' lang='lat' dir='ltr'>quippe</span> <span class='ocrx_word' id='word_1_60' title='bbox 1299 1087 1399 1164; x_wconf 80' lang='lat' dir='ltr'>Fidei</span> <span class='ocrx_word' id='word_1_61' title='bbox 1430 1092 1479 1166; x_wconf 91' lang='lat' dir='ltr'>et</span> 
     </span>
     <span class='ocr_line' id='line_1_9' title="bbox 143 1199 1473 1310; baseline 0.008 -35"><span class='ocrx_word' id='word_1_62' title='bbox 143 1199 380 1280; x_wconf 80' lang='lat' dir='ltr'>christianae</span> <span class='ocrx_word' id='word_1_63' title='bbox 408 1202 559 1280; x_wconf 89' lang='lat' dir='ltr'>moralis</span> <span class='ocrx_word' id='word_1_64' title='bbox 588 1203 752 1278; x_wconf 86' lang='lat' dir='ltr'>hostibus</span> <span class='ocrx_word' id='word_1_65' title='bbox 779 1226 872 1304; x_wconf 90' lang='lat' dir='ltr'>quos</span> <span class='ocrx_word' id='word_1_66' title='bbox 901 1203 1025 1278; x_wconf 90' lang='lat' dir='ltr'>laudat</span> <span class='ocrx_word' id='word_1_67' title='bbox 1053 1211 1090 1279; x_wconf 92' lang='lat' dir='ltr'>et</span> <span class='ocrx_word' id='word_1_68' title='bbox 1132 1206 1327 1301; x_wconf 88' lang='lat' dir='ltr'>nominat,</span> <span class='ocrx_word' id='word_1_69' title='bbox 1361 1216 1473 1310; x_wconf 88' lang='lat' dir='ltr'>atquo</span> 
     </span>
     <span class='ocr_line' id='line_1_10' title="bbox 142 1322 1479 1430; baseline 0.006 -34"><span class='ocrx_word' id='word_1_70' title='bbox 142 1347 191 1396; x_wconf 85' lang='lat' dir='ltr'>ex</span> <span class='ocrx_word' id='word_1_71' title='bbox 220 1325 409 1401; x_wconf 86' lang='lat' dir='ltr'>damnatis</span> <span class='ocrx_word' id='word_1_72' title='bbox 437 1347 563 1399; x_wconf 88' lang='lat' dir='ltr'>eorum</span> <span class='ocrx_word' id='word_1_73' title='bbox 592 1322 770 1424; x_wconf 91' lang='lat' dir='ltr'>operibus</span> <span class='ocrx_word' id='word_1_74' title='bbox 790 1323 956 1399; x_wconf 87' lang='lat' dir='ltr'>hausisse</span> <span class='ocrx_word' id='word_1_75' title='bbox 976 1325 1204 1424; x_wconf 82' lang='lat' dir='ltr'>conspicitur</span> <span class='ocrx_word' id='word_1_76' title='bbox 1228 1328 1372 1404; x_wconf 83' lang='lat' dir='ltr'>Auctor</span> <span class='ocrx_word' id='word_1_77' title='bbox 1399 1353 1479 1430; x_wconf 89' lang='lat' dir='ltr'>per·</span> 
     </span>
     <span class='ocr_line' id='line_1_11' title="bbox 142 1443 1477 1550; baseline 0.007 -35"><span class='ocrx_word' id='word_1_78' title='bbox 142 1469 277 1522; x_wconf 89' lang='lat' dir='ltr'>versas</span> <span class='ocrx_word' id='word_1_79' title='bbox 304 1451 343 1520; x_wconf 90' lang='lat' dir='ltr'>et</span> <span class='ocrx_word' id='word_1_80' title='bbox 368 1470 540 1542; x_wconf 83' lang='lat' dir='ltr'>erroneas</span> <span class='ocrx_word' id='word_1_81' title='bbox 567 1471 658 1548; x_wconf 84' lang='lat' dir='ltr'>quas</span> <span class='ocrx_word' id='word_1_82' title='bbox 685 1443 799 1520; x_wconf 87' lang='lat' dir='ltr'>dictat</span> <span class='ocrx_word' id='word_1_83' title='bbox 827 1447 1044 1538; x_wconf 87' lang='lat' dir='ltr'>sententias,</span> <span class='ocrx_word' id='word_1_84' title='bbox 1082 1452 1119 1522; x_wconf 87' lang='lat' dir='ltr'>at</span> <span class='ocrx_word' id='word_1_85' title='bbox 1147 1447 1314 1524; x_wconf 82' lang='lat' dir='ltr'>aculeata</span> <span class='ocrx_word' id='word_1_86' title='bbox 1339 1449 1477 1550; x_wconf 88' lang='lat' dir='ltr'>quihus</span> 
     </span>
     <span class='ocr_line' id='line_1_12' title="bbox 143 1565 1478 1667; baseline 0.004 -27"><span class='ocrx_word' id='word_1_87' title='bbox 143 1567 270 1642; x_wconf 89' lang='lat' dir='ltr'>utitur</span> <span class='ocrx_word' id='word_1_88' title='bbox 297 1568 526 1667; x_wconf 80' lang='lat' dir='ltr'>sophismata</span> <span class='ocrx_word' id='word_1_89' title='bbox 553 1576 683 1642; x_wconf 90' lang='lat' dir='ltr'>contra</span> <span class='ocrx_word' id='word_1_90' title='bbox 712 1565 925 1656; x_wconf 75' lang='lat' dir='ltr'>Ecclesiam,</span> <span class='ocrx_word' id='word_1_91' title='bbox 943 1573 1073 1643; x_wconf 87' lang='lat' dir='ltr'>contra</span> <span class='ocrx_word' id='word_1_92' title='bbox 1101 1568 1317 1645; x_wconf 78' lang='lat' dir='ltr'>catholicam</span> <span class='ocrx_word' id='word_1_93' title='bbox 1339 1571 1478 1646; x_wconf 91' lang='lat' dir='ltr'>doctri·</span> 
     </span>
     <span class='ocr_line' id='line_1_13' title="bbox 145 1685 1476 1788; baseline 0.005 -28"><span class='ocrx_word' id='word_1_94' title='bbox 145 1711 252 1777; x_wconf 88' lang='lat' dir='ltr'>nam,</span> <span class='ocrx_word' id='word_1_95' title='bbox 283 1695 411 1762; x_wconf 91' lang='lat' dir='ltr'>contra</span> <span class='ocrx_word' id='word_1_96' title='bbox 439 1687 677 1762; x_wconf 84' lang='lat' dir='ltr'>christianam</span> <span class='ocrx_word' id='word_1_97' title='bbox 709 1685 897 1774; x_wconf 89' lang='lat' dir='ltr'>moralem,</span> <span class='ocrx_word' id='word_1_98' title='bbox 922 1690 964 1761; x_wconf 91' lang='lat' dir='ltr'>nt</span> <span class='ocrx_word' id='word_1_99' title='bbox 993 1688 1176 1764; x_wconf 90' lang='lat' dir='ltr'>veredici</span> <span class='ocrx_word' id='word_1_100' title='bbox 1208 1689 1324 1788; x_wconf 85' lang='lat' dir='ltr'>possit</span> <span class='ocrx_word' id='word_1_101' title='bbox 1339 1690 1382 1765; x_wconf 44' lang='lat' dir='ltr'>win</span> <span class='ocrx_word' id='word_1_102' title='bbox 1403 1715 1476 1766; x_wconf 91' lang='lat' dir='ltr'>uno</span> 
     </span>
     <span class='ocr_line' id='line_1_14' title="bbox 142 1803 1477 1910; baseline 0.005 -30"><span class='ocrx_word' id='word_1_103' title='bbox 142 1804 220 1882; x_wconf 93' lang='lat' dir='ltr'>hoc</span> <span class='ocrx_word' id='word_1_104' title='bbox 248 1807 328 1882; x_wconf 89' lang='lat' dir='ltr'>eins</span> <span class='ocrx_word' id='word_1_105' title='bbox 356 1803 475 1882; x_wconf 91' lang='lat' dir='ltr'>libello</span> <span class='ocrx_word' id='word_1_106' title='bbox 504 1805 718 1906; x_wconf 90' lang='lat' dir='ltr'>praecipuos</span> <span class='ocrx_word' id='word_1_107' title='bbox 760 1804 951 1908; x_wconf 82' lang='lat' dir='ltr'>collegisse</span> <span class='ocrx_word' id='word_1_108' title='bbox 987 1805 1150 1884; x_wconf 90' lang='lat' dir='ltr'>omnium</span> <span class='ocrx_word' id='word_1_109' title='bbox 1180 1831 1326 1885; x_wconf 85' lang='lat' dir='ltr'>errores</span> <span class='ocrx_word' id='word_1_110' title='bbox 1363 1815 1477 1910; x_wconf 87' lang='lat' dir='ltr'>atquo</span> 
     </span>
     <span class='ocr_line' id='line_1_15' title="bbox 142 1923 1475 2029; baseline 0.005 -30"><span class='ocrx_word' id='word_1_111' title='bbox 142 1925 423 2014; x_wconf 84' lang='lat' dir='ltr'>deliramenta3</span> <span class='ocrx_word' id='word_1_112' title='bbox 453 1949 495 1999; x_wconf 89' lang='lat' dir='ltr'>ac</span> <span class='ocrx_word' id='word_1_113' title='bbox 524 1926 720 2024; x_wconf 85' lang='lat' dir='ltr'>propterea</span> <span class='ocrx_word' id='word_1_114' title='bbox 747 1924 861 2000; x_wconf 89' lang='lat' dir='ltr'>eidem</span> <span class='ocrx_word' id='word_1_115' title='bbox 893 1923 1015 2000; x_wconf 91' lang='lat' dir='ltr'>libello</span> <span class='ocrx_word' id='word_1_116' title='bbox 1044 1927 1173 2000; x_wconf 73' lang='lat' dir='ltr'>morito</span> <span class='ocrx_word' id='word_1_117' title='bbox 1204 1929 1324 2026; x_wconf 90' lang='lat' dir='ltr'>potest</span> <span class='ocrx_word' id='word_1_118' title='bbox 1352 1929 1475 2029; x_wconf 90' lang='lat' dir='ltr'>aptari</span> 
     </span>
     <span class='ocr_line' id='line_1_16' title="bbox 143 2043 1476 2146; baseline 0.002 -25"><span class='ocrx_word' id='word_1_119' title='bbox 143 2045 245 2146; x_wconf 89' lang='lat' dir='ltr'>quod</span> <span class='ocrx_word' id='word_1_120' title='bbox 272 2045 316 2120; x_wconf 91' lang='lat' dir='ltr'>de</span> <span class='ocrx_word' id='word_1_121' title='bbox 346 2043 711 2121; x_wconf 73' lang='lat' dir='ltr'>priscillianistarum</span> <span class='ocrx_word' id='word_1_122' title='bbox 742 2043 921 2144; x_wconf 67' lang='lat' dir='ltr'>dogmata</span> <span class='ocrx_word' id='word_1_123' title='bbox 950 2045 1078 2120; x_wconf 90' lang='lat' dir='ltr'>scribit</span> <span class='ocrx_word' id='word_1_124' title='bbox 1105 2046 1145 2122; x_wconf 90' lang='lat' dir='ltr'>S.</span> <span class='ocrx_word' id='word_1_125' title='bbox 1185 2045 1260 2122; x_wconf 86' lang='lat' dir='ltr'>Leo</span> <span class='ocrx_word' id='word_1_126' title='bbox 1288 2050 1334 2123; x_wconf 92' lang='lat' dir='ltr'>ad</span> <span class='ocrx_word' id='word_1_127' title='bbox 1379 2048 1476 2123; x_wconf 85' lang='lat' dir='ltr'>Tur-</span> 
     </span>
     <span class='ocr_line' id='line_1_17' title="bbox 144 2161 1476 2269; baseline 0 -26"><span class='ocrx_word' id='word_1_128' title='bbox 144 2165 288 2243; x_wconf 90' lang='lat' dir='ltr'>rihium</span> <span class='ocrx_word' id='word_1_129' title='bbox 317 2163 392 2269; x_wconf 87' lang='lat' dir='ltr'>(ep.</span> <span class='ocrx_word' id='word_1_130' title='bbox 425 2165 532 2263; x_wconf 89' lang='lat' dir='ltr'><strong>XV.)</strong></span> <span class='ocrx_word' id='word_1_131' title='bbox 562 2161 705 2238; x_wconf 91' lang='lat' dir='ltr'>scilicet</span> <span class='ocrx_word' id='word_1_132' title='bbox 736 2162 883 2238; x_wconf 79' lang='lat' dir='ltr'>«Nihil</span> <span class='ocrx_word' id='word_1_133' title='bbox 910 2187 991 2238; x_wconf 90' lang='lat' dir='ltr'>esse</span> <span class='ocrx_word' id='word_1_134' title='bbox 1024 2165 1184 2241; x_wconf 91' lang='lat' dir='ltr'>sordium</span> <span class='ocrx_word' id='word_1_135' title='bbox 1214 2167 1252 2241; x_wconf 91' lang='lat' dir='ltr'>in</span> <span class='ocrx_word' id='word_1_136' title='bbox 1299 2190 1476 2266; x_wconf 89' lang='lat' dir='ltr'>quorum·</span> 
     </span>
     <span class='ocr_line' id='line_1_18' title="bbox 147 2282 1473 2386; baseline 0.004 -28"><span class='ocrx_word' id='word_1_137' title='bbox 147 2309 349 2386; x_wconf 81' lang='lat' dir='ltr'>»cumque</span> <span class='ocrx_word' id='word_1_138' title='bbox 377 2283 545 2359; x_wconf 90' lang='lat' dir='ltr'>sensibus</span> <span class='ocrx_word' id='word_1_139' title='bbox 573 2282 789 2382; x_wconf 85' lang='lat' dir='ltr'>impiorum,</span> <span class='ocrx_word' id='word_1_140' title='bbox 824 2283 917 2382; x_wconf 93' lang='lat' dir='ltr'>quod</span> <span class='ocrx_word' id='word_1_141' title='bbox 946 2284 984 2358; x_wconf 90' lang='lat' dir='ltr'>in</span> <span class='ocrx_word' id='word_1_142' title='bbox 1013 2282 1084 2360; x_wconf 91' lang='lat' dir='ltr'>huc</span> <span class='ocrx_word' id='word_1_143' title='bbox 1112 2285 1241 2362; x_wconf 82' lang='lat' dir='ltr'>libello</span> <span class='ocrx_word' id='word_1_144' title='bbox 1273 2308 1348 2362; x_wconf 91' lang='lat' dir='ltr'>non</span> <span class='ocrx_word' id='word_1_145' title='bbox 1388 2311 1473 2367; x_wconf 90' lang='lat' dir='ltr'>con-</span> 
     </span>
     <span class='ocr_line' id='line_1_19' title="bbox 150 2407 1474 2510; baseline 0.004 -30"><span class='ocrx_word' id='word_1_146' title='bbox 150 2441 168 2480; x_wconf 81' lang='lat'><strong>»</strong></span> <span class='ocrx_word' id='word_1_147' title='bbox 191 2410 361 2487; x_wconf 88' lang='lat' dir='ltr'>fulserit:</span> <span class='ocrx_word' id='word_1_148' title='bbox 384 2408 559 2510; x_wconf 91' lang='lat' dir='ltr'>quoniam</span> <span class='ocrx_word' id='word_1_149' title='bbox 579 2411 623 2485; x_wconf 90' lang='lat' dir='ltr'>de</span> <span class='ocrx_word' id='word_1_150' title='bbox 643 2407 741 2483; x_wconf 93' lang='lat' dir='ltr'>omni</span> <span class='ocrx_word' id='word_1_151' title='bbox 769 2413 998 2484; x_wconf 88' lang='lat' dir='ltr'>terrenarum</span> <span class='ocrx_word' id='word_1_152' title='bbox 1020 2407 1235 2509; x_wconf 88' lang='lat' dir='ltr'>opinionum</span> <span class='ocrx_word' id='word_1_153' title='bbox 1275 2411 1355 2486; x_wconf 91' lang='lat' dir='ltr'>luto</span> <span class='ocrx_word' id='word_1_154' title='bbox 1380 2410 1474 2488; x_wconf 90' lang='lat' dir='ltr'>mul-</span> 
     </span>
     <span class='ocr_line' id='line_1_20' title="bbox 149 2525 1470 2631; baseline 0.004 -31"><span class='ocrx_word' id='word_1_155' title='bbox 149 2529 352 2631; x_wconf 82' lang='lat' dir='ltr'>›tiplicem</span> <span class='ocrx_word' id='word_1_156' title='bbox 382 2528 452 2604; x_wconf 90' lang='lat' dir='ltr'>sibi</span> <span class='ocrx_word' id='word_1_157' title='bbox 481 2525 737 2604; x_wconf 86' lang='lat' dir='ltr'>faeculentiam</span> <span class='ocrx_word' id='word_1_158' title='bbox 772 2525 916 2602; x_wconf 81' lang='lat' dir='ltr'>Auctor</span> <span class='ocrx_word' id='word_1_159' title='bbox 944 2525 1114 2618; x_wconf 85' lang='lat' dir='ltr'>miscuit3</span> <span class='ocrx_word' id='word_1_160' title='bbox 1146 2532 1188 2603; x_wconf 89' lang='lat' dir='ltr'>ut</span> <span class='ocrx_word' id='word_1_161' title='bbox 1207 2528 1306 2604; x_wconf 89' lang='lat' dir='ltr'>sulus</span> <span class='ocrx_word' id='word_1_162' title='bbox 1353 2534 1470 2605; x_wconf 86' lang='lat' dir='ltr'>totum</span> 
     </span>
     <span class='ocr_line' id='line_1_21' title="bbox 149 2647 1473 2753; baseline 0.002 -30"><span class='ocrx_word' id='word_1_163' title='bbox 149 2650 345 2743; x_wconf 73' lang='lat' dir='ltr'>»biberet</span> <span class='ocrx_word' id='word_1_164' title='bbox 363 2651 459 2750; x_wconf 92' lang='lat' dir='ltr'>quod</span> <span class='ocrx_word' id='word_1_165' title='bbox 488 2647 551 2723; x_wconf 89' lang='lat' dir='ltr'>alii</span> <span class='ocrx_word' id='word_1_166' title='bbox 579 2671 627 2724; x_wconf 84' lang='lat' dir='ltr'>ex</span> <span class='ocrx_word' id='word_1_167' title='bbox 655 2652 759 2749; x_wconf 89' lang='lat' dir='ltr'>parte</span> <span class='ocrx_word' id='word_1_168' title='bbox 785 2649 1012 2748; x_wconf 83' lang='lat' dir='ltr'>gustassent.</span> <span class='ocrx_word' id='word_1_169' title='bbox 1039 2675 1056 2718; x_wconf 74' lang='lat' dir='ltr'>s</span> <span class='ocrx_word' id='word_1_170' title='bbox 1088 2649 1211 2750; x_wconf 89' lang='lat' dir='ltr'>Atque</span> <span class='ocrx_word' id='word_1_171' title='bbox 1234 2653 1274 2724; x_wconf 89' lang='lat' dir='ltr'>ut</span> <span class='ocrx_word' id='word_1_172' title='bbox 1301 2649 1337 2726; x_wconf 93' lang='lat' dir='ltr'>id</span> <span class='ocrx_word' id='word_1_173' title='bbox 1366 2676 1473 2753; x_wconf 89' lang='lat' dir='ltr'>aper-</span> 
     </span>
     <span class='ocr_line' id='line_1_22' title="bbox 146 2767 1471 2874; baseline 0 -29"><span class='ocrx_word' id='word_1_174' title='bbox 146 2771 291 2847; x_wconf 83' lang='lat' dir='ltr'>tissime</span> <span class='ocrx_word' id='word_1_175' title='bbox 318 2776 470 2874; x_wconf 88' lang='lat' dir='ltr'>pateat,</span> <span class='ocrx_word' id='word_1_176' title='bbox 503 2769 640 2847; x_wconf 88' lang='lat' dir='ltr'>sufficit</span> <span class='ocrx_word' id='word_1_177' title='bbox 667 2792 713 2844; x_wconf 85' lang='lat' dir='ltr'>ex</span> <span class='ocrx_word' id='word_1_178' title='bbox 742 2769 833 2845; x_wconf 87' lang='lat' dir='ltr'>bene</span> <span class='ocrx_word' id='word_1_179' title='bbox 862 2767 987 2843; x_wconf 90' lang='lat' dir='ltr'>multis</span> <span class='ocrx_word' id='word_1_180' title='bbox 1017 2767 1210 2868; x_wconf 90' lang='lat' dir='ltr'>sequentia</span> <span class='ocrx_word' id='word_1_181' title='bbox 1256 2770 1471 2846; x_wconf 85' lang='lat' dir='ltr'>summatim</span> 
     </span>
     <span class='ocr_line' id='line_1_23' title="bbox 146 2885 940 2994; baseline -0.006 -27"><span class='ocrx_word' id='word_1_182' title='bbox 146 2891 191 2967; x_wconf 88' lang='lat' dir='ltr'>ad</span> <span class='ocrx_word' id='word_1_183' title='bbox 217 2891 340 2994; x_wconf 83' lang='lat' dir='ltr'>operis</span> <span class='ocrx_word' id='word_1_184' title='bbox 368 2915 517 2968; x_wconf 84' lang='lat' dir='ltr'>sensnm</span> <span class='ocrx_word' id='word_1_185' title='bbox 546 2896 719 2990; x_wconf 83' lang='lat' dir='ltr'>excerpta</span> <span class='ocrx_word' id='word_1_186' title='bbox 747 2885 940 2964; x_wconf 88' lang='lat' dir='ltr'>adnotare.</span> 
     </span>
    </p>

    <p class='ocr_par' dir='ltr' id='par_1_3' title="bbox 136 3007 1532 4665">
     <span class='ocr_line' id='line_1_24' title="bbox 225 3007 1470 3111; baseline 0 -25"><span class='ocrx_word' id='word_1_187' title='bbox 225 3011 374 3087; x_wconf 87' lang='lat' dir='ltr'>Asserit</span> <span class='ocrx_word' id='word_1_188' title='bbox 400 3011 564 3102; x_wconf 79' lang='lat' dir='ltr'>Auctor,</span> <span class='ocrx_word' id='word_1_189' title='bbox 598 3032 673 3084; x_wconf 90' lang='lat' dir='ltr'>non</span> <span class='ocrx_word' id='word_1_190' title='bbox 701 3032 807 3109; x_wconf 91' lang='lat' dir='ltr'>posse</span> <span class='ocrx_word' id='word_1_191' title='bbox 836 3007 1013 3085; x_wconf 86' lang='lat' dir='ltr'>vincendo</span> <span class='ocrx_word' id='word_1_192' title='bbox 1055 3009 1267 3108; x_wconf 90' lang='lat' dir='ltr'>responderi</span> <span class='ocrx_word' id='word_1_193' title='bbox 1308 3008 1470 3111; x_wconf 89' lang='lat' dir='ltr'>philoso-</span> 
     </span>
     <span class='ocr_line' id='line_1_25' title="bbox 145 3125 1470 3231; baseline 0.001 -26"><span class='ocrx_word' id='word_1_194' title='bbox 145 3129 300 3231; x_wconf 87' lang='lat' dir='ltr'>phorum</span> <span class='ocrx_word' id='word_1_195' title='bbox 330 3129 583 3230; x_wconf 86' lang='lat' dir='ltr'>Scepticorum</span> <span class='ocrx_word' id='word_1_196' title='bbox 612 3127 871 3227; x_wconf 88' lang='lat' dir='ltr'>argumentis:</span> <span class='ocrx_word' id='word_1_197' title='bbox 906 3131 1060 3227; x_wconf 82' lang='lat' dir='ltr'>«atque</span> <span class='ocrx_word' id='word_1_198' title='bbox 1088 3125 1368 3226; x_wconf 87' lang='lat' dir='ltr'>Scepticismum</span> <span class='ocrx_word' id='word_1_199' title='bbox 1403 3127 1470 3208; x_wconf 87' lang='lat' dir='ltr'>in·-</span> 
     </span>
     <span class='ocr_line' id='line_1_26' title="bbox 147 3237 1470 3348; baseline 0 -25"><span class='ocrx_word' id='word_1_200' title='bbox 147 3250 270 3326; x_wconf 90' lang='lat' dir='ltr'>sinuat</span> <span class='ocrx_word' id='word_1_201' title='bbox 305 3250 415 3326; x_wconf 89' lang='lat' dir='ltr'>etiam</span> <span class='ocrx_word' id='word_1_202' title='bbox 459 3249 557 3324; x_wconf 92' lang='lat' dir='ltr'>circa</span> <span class='ocrx_word' id='word_1_203' title='bbox 598 3245 879 3348; x_wconf 78' lang='lat' dir='ltr'>(losumgoniam</span> <span class='ocrx_word' id='word_1_204' title='bbox 916 3243 1140 3320; x_wconf 85' lang='lat' dir='ltr'>Mosaicarn:</span> <span class='ocrx_word' id='word_1_205' title='bbox 1176 3249 1256 3320; x_wconf 83' lang='lat' dir='ltr'>‹et</span> <span class='ocrx_word' id='word_1_206' title='bbox 1281 3237 1470 3346; x_wconf 63' lang='lat' dir='ltr'>&#39;periculo-</span> 
     </span>
     <span class='ocr_line' id='line_1_27' title="bbox 145 3365 1532 3471; baseline 0.001 -31"><span class='ocrx_word' id='word_1_207' title='bbox 145 3393 202 3444; x_wconf 90' lang='lat' dir='ltr'>sas</span> <span class='ocrx_word' id='word_1_208' title='bbox 230 3377 423 3469; x_wconf 87' lang='lat' dir='ltr'>promovet</span> <span class='ocrx_word' id='word_1_209' title='bbox 450 3367 707 3471; x_wconf 86' lang='lat' dir='ltr'>captiosasque</span> <span class='ocrx_word' id='word_1_210' title='bbox 735 3366 983 3443; x_wconf 84' lang='lat' dir='ltr'>dubitationes</span> <span class='ocrx_word' id='word_1_211' title='bbox 1011 3365 1108 3440; x_wconf 90' lang='lat' dir='ltr'>circa</span> <span class='ocrx_word' id='word_1_212' title='bbox 1127 3365 1273 3441; x_wconf 87' lang='lat' dir='ltr'>animae</span> <span class='ocrx_word' id='word_1_213' title='bbox 1293 3373 1463 3442; x_wconf 89' lang='lat' dir='ltr'>naturam</span> <span class='ocrx_word' id='word_1_214' title='bbox 1526 3398 1532 3412; x_wconf 93' lang='lat'><strong>·</strong></span> 
     </span>
     <span class='ocr_line' id='line_1_28' title="bbox 144 3484 1466 3590; baseline -0.002 -27"><span class='ocrx_word' id='word_1_215' title='bbox 144 3492 294 3590; x_wconf 89' lang='lat' dir='ltr'>eiusque</span> <span class='ocrx_word' id='word_1_216' title='bbox 324 3487 533 3565; x_wconf 86' lang='lat' dir='ltr'>facultates.</span> <span class='ocrx_word' id='word_1_217' title='bbox 561 3488 652 3561; x_wconf 76' lang='lat' dir='ltr'>&lt;Ad</span> <span class='ocrx_word' id='word_1_218' title='bbox 684 3487 798 3586; x_wconf 81' lang='lat' dir='ltr'>ipsius</span> <span class='ocrx_word' id='word_1_219' title='bbox 820 3489 1012 3585; x_wconf 87' lang='lat' dir='ltr'>praeterea</span> <span class='ocrx_word' id='word_1_220' title='bbox 1032 3490 1205 3576; x_wconf 89' lang='lat' dir='ltr'>mentem,</span> <span class='ocrx_word' id='word_1_221' title='bbox 1226 3484 1466 3563; x_wconf 88' lang='lat' dir='ltr'>iudicandum</span> 
     </span>
     <span class='ocr_line' id='line_1_29' title="bbox 141 3601 1467 3705; baseline -0.004 -21"><span class='ocrx_word' id='word_1_222' title='bbox 141 3613 236 3684; x_wconf 87' lang='lat' dir='ltr'>esset</span> <span class='ocrx_word' id='word_1_223' title='bbox 262 3609 306 3684; x_wconf 93' lang='lat' dir='ltr'>de</span> <span class='ocrx_word' id='word_1_224' title='bbox 336 3607 535 3683; x_wconf 87' lang='lat' dir='ltr'>virtutibus</span> <span class='ocrx_word' id='word_1_225' title='bbox 562 3612 600 3680; x_wconf 89' lang='lat' dir='ltr'>et</span> <span class='ocrx_word' id='word_1_226' title='bbox 627 3607 728 3681; x_wconf 91' lang='lat' dir='ltr'>vitiis</span> <span class='ocrx_word' id='word_1_227' title='bbox 756 3604 870 3680; x_wconf 92' lang='lat' dir='ltr'>relate</span> <span class='ocrx_word' id='word_1_228' title='bbox 899 3611 1044 3680; x_wconf 88' lang='lat' dir='ltr'>tantum</span> <span class='ocrx_word' id='word_1_229' title='bbox 1072 3604 1118 3678; x_wconf 93' lang='lat' dir='ltr'>ad</span> <span class='ocrx_word' id='word_1_230' title='bbox 1159 3601 1373 3679; x_wconf 88' lang='lat' dir='ltr'>felicitatem</span> <span class='ocrx_word' id='word_1_231' title='bbox 1402 3628 1467 3705; x_wconf 90' lang='lat' dir='ltr'>ge-</span> 
     </span>
     <span class='ocr_line' id='line_1_30' title="bbox 140 3722 1465 3816; baseline -0.002 -14"><span class='ocrx_word' id='word_1_232' title='bbox 140 3730 238 3804; x_wconf 91' lang='lat' dir='ltr'>neris</span> <span class='ocrx_word' id='word_1_233' title='bbox 265 3727 431 3816; x_wconf 87' lang='lat' dir='ltr'>humani,</span> <span class='ocrx_word' id='word_1_234' title='bbox 464 3737 502 3802; x_wconf 90' lang='lat' dir='ltr'>et</span> <span class='ocrx_word' id='word_1_235' title='bbox 529 3726 843 3803; x_wconf 88' lang='lat' dir='ltr'>conservationem</span> <span class='ocrx_word' id='word_1_236' title='bbox 872 3723 1011 3800; x_wconf 91' lang='lat' dir='ltr'>ordinis</span> <span class='ocrx_word' id='word_1_237' title='bbox 1032 3725 1196 3799; x_wconf 85' lang='lat' dir='ltr'>Naturae</span> <span class='ocrx_word' id='word_1_238' title='bbox 1225 3725 1262 3798; x_wconf 89' lang='lat' dir='ltr'>in</span> <span class='ocrx_word' id='word_1_239' title='bbox 1291 3722 1465 3799; x_wconf 87' lang='lat' dir='ltr'>societate</span> 
     </span>
     <span class='ocr_line' id='line_1_31' title="bbox 139 3840 1459 3946; baseline -0.004 -27"><span class='ocrx_word' id='word_1_240' title='bbox 139 3845 262 3922; x_wconf 86' lang='lat' dir='ltr'>civili:</span> <span class='ocrx_word' id='word_1_241' title='bbox 292 3889 311 3903; x_wconf 93' lang='lat'><strong>·</strong></span> <span class='ocrx_word' id='word_1_242' title='bbox 339 3844 439 3922; x_wconf 90' lang='lat' dir='ltr'>nullo</span> <span class='ocrx_word' id='word_1_243' title='bbox 466 3847 620 3946; x_wconf 91' lang='lat' dir='ltr'>proinde</span> <span class='ocrx_word' id='word_1_244' title='bbox 649 3843 774 3919; x_wconf 89' lang='lat' dir='ltr'>habito</span> <span class='ocrx_word' id='word_1_245' title='bbox 803 3849 970 3943; x_wconf 89' lang='lat' dir='ltr'>respectu</span> <span class='ocrx_word' id='word_1_246' title='bbox 1001 3845 1046 3918; x_wconf 88' lang='lat' dir='ltr'>ad</span> <span class='ocrx_word' id='word_1_247' title='bbox 1083 3843 1221 3943; x_wconf 84' lang='lat' dir='ltr'>Legem</span> <span class='ocrx_word' id='word_1_248' title='bbox 1261 3840 1459 3932; x_wconf 89' lang='lat' dir='ltr'>divinam,</span> 
     </span>
     <span class='ocr_line' id='line_1_32' title="bbox 138 3959 1464 4068; baseline -0.005 -26"><span class='ocrx_word' id='word_1_249' title='bbox 138 3967 331 4068; x_wconf 91' lang='lat' dir='ltr'>nequead</span> <span class='ocrx_word' id='word_1_250' title='bbox 360 3965 572 4066; x_wconf 87' lang='lat' dir='ltr'>religiosam</span> <span class='ocrx_word' id='word_1_251' title='bbox 601 3965 789 4040; x_wconf 89' lang='lat' dir='ltr'>actionum</span> <span class='ocrx_word' id='word_1_252' title='bbox 820 3965 1079 4039; x_wconf 88' lang='lat' dir='ltr'>moralitatem.</span> <span class='ocrx_word' id='word_1_253' title='bbox 1102 4007 1118 4019; x_wconf 98' lang='lat'>-</span> <span class='ocrx_word' id='word_1_254' title='bbox 1147 3963 1261 4038; x_wconf 89' lang='lat' dir='ltr'>Immo</span> <span class='ocrx_word' id='word_1_255' title='bbox 1303 3987 1345 4037; x_wconf 88' lang='lat' dir='ltr'>eo</span> <span class='ocrx_word' id='word_1_256' title='bbox 1392 3959 1464 4036; x_wconf 89' lang='lat' dir='ltr'>irn-</span> 
     </span>
     <span class='ocr_line' id='line_1_33' title="bbox 137 4081 1460 4189; baseline -0.006 -25"><span class='ocrx_word' id='word_1_257' title='bbox 137 4088 287 4189; x_wconf 89' lang='lat' dir='ltr'>pietatis</span> <span class='ocrx_word' id='word_1_258' title='bbox 314 4088 477 4179; x_wconf 88' lang='lat' dir='ltr'>devenit,</span> <span class='ocrx_word' id='word_1_259' title='bbox 511 4093 551 4160; x_wconf 92' lang='lat' dir='ltr'>ut</span> <span class='ocrx_word' id='word_1_260' title='bbox 580 4109 645 4185; x_wconf 93' lang='lat' dir='ltr'>pro</span> <span class='ocrx_word' id='word_1_261' title='bbox 672 4085 832 4160; x_wconf 89' lang='lat' dir='ltr'>absurdo</span> <span class='ocrx_word' id='word_1_262' title='bbox 860 4083 995 4160; x_wconf 87' lang='lat' dir='ltr'>habeat</span> <span class='ocrx_word' id='word_1_263' title='bbox 1022 4087 1061 4158; x_wconf 90' lang='lat' dir='ltr'>et</span> <span class='ocrx_word' id='word_1_264' title='bbox 1106 4081 1298 4160; x_wconf 84' lang='lat' dir='ltr'>immorale</span> <span class='ocrx_word' id='word_1_265' title='bbox 1344 4081 1460 4183; x_wconf 90' lang='lat' dir='ltr'>quod·</span> 
     </span>
     <span class='ocr_line' id='line_1_34' title="bbox 137 4189 1463 4309; baseline -0.005 -26"><span class='ocrx_word' id='word_1_266' title='bbox 137 4189 294 4309; x_wconf 86' lang='lat' dir='ltr'>cumque</span> <span class='ocrx_word' id='word_1_267' title='bbox 321 4206 588 4308; x_wconf 79' lang='lat' dir='ltr'>dopmoticum</span> <span class='ocrx_word' id='word_1_268' title='bbox 617 4202 834 4302; x_wconf 90' lang='lat' dir='ltr'>principium</span> <span class='ocrx_word' id='word_1_269' title='bbox 866 4204 959 4278; x_wconf 88' lang='lat' dir='ltr'>unde</span> <span class='ocrx_word' id='word_1_270' title='bbox 979 4199 1122 4278; x_wconf 89' lang='lat' dir='ltr'>frenum</span> <span class='ocrx_word' id='word_1_271' title='bbox 1148 4200 1353 4302; x_wconf 90' lang='lat' dir='ltr'>imponitur</span> <span class='ocrx_word' id='word_1_272' title='bbox 1380 4225 1463 4301; x_wconf 88' lang='lat' dir='ltr'>pas-</span> 
     </span>
     <span class='ocr_line' id='line_1_35' title="bbox 136 4320 1459 4422; baseline -0.005 -22"><span class='ocrx_word' id='word_1_273' title='bbox 136 4325 300 4403; x_wconf 87' lang='lat' dir='ltr'>sionibus</span> <span class='ocrx_word' id='word_1_274' title='bbox 327 4322 512 4413; x_wconf 89' lang='lat' dir='ltr'>humanis,</span> <span class='ocrx_word' id='word_1_275' title='bbox 545 4321 762 4422; x_wconf 85' lang='lat' dir='ltr'>audeatque,</span> <span class='ocrx_word' id='word_1_276' title='bbox 787 4323 886 4397; x_wconf 87' lang='lat' dir='ltr'>omni</span> <span class='ocrx_word' id='word_1_277' title='bbox 916 4321 1083 4421; x_wconf 88' lang='lat' dir='ltr'>deposita</span> <span class='ocrx_word' id='word_1_278' title='bbox 1121 4320 1353 4411; x_wconf 88' lang='lat' dir='ltr'>verecundia,</span> <span class='ocrx_word' id='word_1_279' title='bbox 1376 4342 1459 4394; x_wconf 89' lang='lat' dir='ltr'>sua-</span> 
     </span>
     <span class='ocr_line' id='line_1_36' title="bbox 137 4437 1461 4547; baseline -0.005 -27"><span class='ocrx_word' id='word_1_280' title='bbox 137 4446 219 4522; x_wconf 92' lang='lat' dir='ltr'>dere</span> <span class='ocrx_word' id='word_1_281' title='bbox 246 4441 423 4547; x_wconf 89' lang='lat' dir='ltr'>politicae</span> <span class='ocrx_word' id='word_1_282' title='bbox 452 4442 635 4517; x_wconf 84' lang='lat' dir='ltr'>Potestati</span> <span class='ocrx_word' id='word_1_283' title='bbox 657 4439 838 4541; x_wconf 88' lang='lat' dir='ltr'>passionis</span> <span class='ocrx_word' id='word_1_284' title='bbox 858 4442 1019 4514; x_wconf 92' lang='lat' dir='ltr'>omnium</span> <span class='ocrx_word' id='word_1_285' title='bbox 1041 4441 1281 4540; x_wconf 85' lang='lat' dir='ltr'>turpissimae</span> <span class='ocrx_word' id='word_1_286' title='bbox 1301 4453 1338 4512; x_wconf 85' lang='lat' dir='ltr'>et</span> <span class='ocrx_word' id='word_1_287' title='bbox 1352 4437 1461 4514; x_wconf 87' lang='lat' dir='ltr'>effre-</span> 
     </span>
     <span class='ocr_line' id='line_1_37' title="bbox 136 4559 1458 4665; baseline -0.006 -23"><span class='ocrx_word' id='word_1_288' title='bbox 136 4565 295 4642; x_wconf 84' lang='lat' dir='ltr'>natioris</span> <span class='ocrx_word' id='word_1_289' title='bbox 317 4563 595 4665; x_wconf 88' lang='lat' dir='ltr'>impunitatem.</span> <span class='ocrx_word' id='word_1_290' title='bbox 626 4559 815 4636; x_wconf 83' lang='lat' dir='ltr'>-Statum</span> <span class='ocrx_word' id='word_1_291' title='bbox 845 4567 967 4635; x_wconf 89' lang='lat' dir='ltr'>autem</span> <span class='ocrx_word' id='word_1_292' title='bbox 998 4561 1162 4636; x_wconf 90' lang='lat' dir='ltr'>Naturae</span> <span class='ocrx_word' id='word_1_293' title='bbox 1189 4561 1292 4636; x_wconf 82' lang='lat' dir='ltr'>docet</span> <span class='ocrx_word' id='word_1_294' title='bbox 1322 4565 1458 4634; x_wconf 83' lang='lat' dir='ltr'>statum</span> 
     </span>
    </p>
   </div>
   <div class='ocr_carea' id='block_1_3' title="bbox 0 0 1840 5222">
    <p class='ocr_par' dir='ltr' id='par_1_4' title="bbox 0 0 1840 5222">
     <span class='ocr_line' id='line_1_38' title="bbox 0 0 1840 5222; baseline 0 6"><span class='ocrx_word' id='word_1_295' title='bbox 0 0 1840 5222; x_wconf 95' lang='lat' dir='ltr'> </span> 
     </span>
    </p>
   </div>
  </div>
 </body>
</html>
