3670 5222
364 185 425 254 ΗΛ
929 209 1115 262 msrrrcsn.

360 307 526 396 Rosarii‚
547 293 688 380 scilicet
709 303 741 379 l.
765 303 957 384 Dominica
975 305 1074 381 intra
1091 306 1267 384 Octavam
1290 308 1524 412 Epiphaniae
1562 309 1690 390 Domi-

357 431 409 518 ni,
442 429 573 528 inqua
601 423 777 502 recolitur
804 427 972 528 quintum
995 429 1225 528 Mysterium,
1253 431 1345 510 teria
1371 438 1504 534 quarta
1536 434 1698 512 maioris

357 547 605 637 hebdomadae
634 546 672 621 in
709 570 782 645 qua
811 544 986 622 recolitur
1021 553 1163 622 sextum
1187 549 1417 650 mysterium,
1451 549 1544 625 feria
1582 557 1687 627 sextu

357 669 518 746 eiusdem
550 667 809 756 hebdomadae,
843 669 880 740 in
907 691 981 768 qua
1011 665 1186 742 recolitur
1214 668 1413 767 septimum
1445 669 1682 772 Mysterium,

357 790 488 866 testum
518 788 556 864 S.
589 785 755 862 Coronae
776 786 935 886 Spineac
954 785 1139 861 indultum
1160 811 1226 887 pro
1255 787 1422 864 Dioeccsi
1451 787 1618 866 Oratoris
1647 816 1690 867 ao

358 913 469 992 lixum
504 908 596 985 feria
633 911 738 983 sexta
758 911 839 1005 post
857 907 1010 993 cineres,
1036 908 1075 982 in
1095 933 1169 1008 quo
1196 909 1371 986 recolitur
1400 917 1572 989 octavum
1603 937 1687 1014 my·

355 1031 525 1117 sterium,
557 1027 724 1104 lnventio
752 1027 792 1104 S.
823 1025 966 1112 Crucis,
999 1027 1138 1126 inquo
1168 1027 1339 1105 recolitur
1376 1053 1512 1106 nonum
1552 1035 1690 1131 myste-

357 1153 467 1244 rium,
486 1146 677 1226 uxauauo
698 1147 738 1224 S.
760 1145 891 1226 Crucis
910 1146 1035 1244 inquo
1054 1148 1231 1225 recolitur
1249 1149 1427 1224 decimum
1453 1151 1682 1248 mysterium,

356 1271 490 1348 festum
512 1267 688 1347 Omnium
709 1267 939 1356 Sanctorum,
963 1263 1094 1366 inquo
1124 1267 1296 1345 recolitur
1314 1271 1488 1371 quintum
1507 1271 1687 1346 decimum

358 1389 590 1490 mysterium.
631 1386 657 1463 2
685 1387 877 1476 Quatenus
916 1387 1093 1485 quaedum
1127 1410 1173 1462 ex
1194 1387 1373 1488 praefatis
1394 1385 1497 1464 festis
1520 1390 1687 1464 habenda

356 1511 432 1587 siut
475 1510 519 1584 ut
556 1504 653 1580 testa
691 1503 955 1605 Mpsteriorum
1003 1505 1104 1584 SSmi
1150 1505 1320 1599 Rosarii,
1370 1529 1550 1607 quaenam
1595 1513 1684 1583 sunt

359 1629 456 1707 festa
482 1625 564 1703 illal

777 1797 1024 1867 ”inceptanti
1044 1803 1266 1868 synoptico.

438 1971 649 2066 Consultor,
681 1974 726 2050 ad
753 1998 859 2073 quem
890 1974 1001 2050 dubia
1028 1973 1216 2074 praedicta
1241 1974 1393 2050 remissa
1411 1973 1526 2065 fuere,
1552 1995 1686 2050 unum·

356 2099 526 2200 quodque
553 2096 726 2198 expendit
762 2099 987 2183 eorumdem,
1022 2095 1145 2197 aliqua
1173 2097 1342 2197 apposite
1369 2097 1681 2174 animadvertens.

356 2223 522 2314 Quarum
542 2220 902 2297 animadversionum
934 2245 1011 2310 nos,
1043 2223 1087 2298 de
1114 2245 1226 2314 more,
1251 2224 1294 2298 ut
1311 2223 1484 2298 brevitati
1506 2221 1689 2298 inservia-

363 2369 457 2422 mus.
491 2339 706 2417 nonnullam
737 2338 951 2414 referemus

439 2465 494 2539 Ad
523 2462 681 2563 primum
710 2461 976 2560 dubiumquod
1005 2461 1149 2550 attinet,
1174 2461 1317 2537 censuit
1344 2463 1532 2539 consultor
1559 2488 1684 2540 recur-

360 2609 439 2659 sum
471 2585 515 2658 ad
546 2582 583 2659 S.
616 2581 744 2659 Sedem
775 2580 1020 2656 necessarium
1050 2606 1130 2656 esse
1159 2583 1270 2657 etiam
1301 2581 1489 2660 Sodalitiis
1508 2582 1581 2659 iam
1602 2585 1683 2660 exi·

357 2704 553 2779 stantibus:
586 2703 726 2800 eoquod
751 2701 862 2774 verba
880 2699 1109 2803 ubicumque
1127 2701 1301 2778 locorum
1318 2708 1519 2779 eorr'stentis
1537 2706 1686 2804 tempus

357 2823 519 2899 innuunt
547 2844 706 2923 presens,
740 2819 779 2894 in
807 2843 880 2917 quo
908 2841 1039 2920 nempe
1059 2820 1253 2898 Decretum
1285 2821 1399 2898 latum
1429 2827 1499 2912 est3
1523 2822 1687 2900 clausola

347 2935 444 3018 'vero
473 2941 679 3040 adprecor
712 2939 958 3014 conditionem
998 2939 1100 3039 ponit
1136 2942 1408 3041 suspensivam,
1449 2943 1534 3019 hinc
1570 2945 1687 3020 donec

356 3060 520 3138 conditio
548 3061 720 3134 eiusmodi
752 3059 949 3160 puriticata
976 3057 1102 3144 fuerit,
1134 3067 1269 3162 pratia
1301 3087 1379 3136 noa
1416 3063 1682 3163 suffrcpotur.

358 3179 511 3277 Ideoque
540 3202 620 3254 cum
653 3175 822 3278 Brigami
848 3184 889 3250 m
908 3177 1007 3279 nep.
1042 3175 1165 3254 XVII
1190 3176 1357 3254 Coaccll.
1380 3205 1421 3254 a.
1446 3179 1552 3262 171,
1573 3191 1601 3257 t.
1625 3181 1681 3265 II,

353 3323 396 3400 p.
428 3297 515 3374 241
548 3299 741 3374 dicendum
770 3298 829 3372 cst
857 3297 1077 3374 Pontificem
1105 3301 1302 3376 concedere
1329 3299 1491 3402 gratiam
1520 3301 1592 3379 hac
1614 3303 1682 3377 sub

355 3417 565 3495 conditione
592 3417 645 3493 od
665 3442 813 3520 preces,
847 3416 941 3493 idest
968 3418 1164 3494 dummodo
1191 3422 1354 3518 petatur.

437 3533 564 3622 Quoad
622 3536 767 3611 dubium
815 3537 1014 3612 secundum
1058 3537 1353 3614 animadversum
1401 3537 1473 3614 tuit
1509 3541 1605 3640 quod
1645 3547 1685 3616 ut

355 3654 478 3756 quivis
499 3655 571 3730 frui
593 3657 709 3757 possit
727 3656 861 3757 gratiis
880 3656 1050 3732 omnibus
1070 3655 1377 3734 Confraternitati
1399 3660 1593 3750 concessis,
1624 3661 1676 3735 nil

355 3775 455 3852 aliud
472 3775 675 3873 requiritur
703 3800 812 3876 quam
844 3783 1030 3853 canonico
1050 3783 1205 3868 eraclia·
1224 3801 1314 3879 ergo
1337 3777 1552 3856 Sodalitium
1590 3805 1682 3881 opus

356 3920 428 3974 uon
459 3895 571 3972 habet
598 3921 694 3973 novo
716 3922 872 3974 recursu
902 3899 945 3973 ad
976 3897 1014 3973 S.
1048 3897 1192 3975 Sedem.

435 4017 543 4095 Circa
571 4017 721 4094 dubium
741 4017 891 4092 tertium
912 4018 1058 4119 putavit
1076 4018 1172 4095 idem
1196 4014 1397 4093 Consultor
1415 4016 1588 4118 consequi
1610 4043 1682 4095 non

355 4159 461 4235 posse
489 4133 738 4236 Indulgentias
767 4134 850 4211 aliis
880 4137 951 4237 piis
978 4137 1151 4236 operibus
1179 4139 1357 4223 adnexas,
1390 4137 1451 4236 qui
1488 4137 1675 4240 integrum

355 4256 392 4331 in
421 4255 648 4332 hebdomada
678 4254 871 4331 Rosarium
906 4256 1003 4330 haud
1038 4253 1263 4332 recitaverit.
1295 4254 1406 4353 quue
1439 4253 1537 4329 eruit
1570 4255 1683 4331 etiam

355 4401 399 4451 ex
420 4375 593 4478 analogia
613 4374 992 4468 Confraternitatum,
1015 4400 1170 4476 quarum
1199 4375 1361 4451 membra
1391 4374 1595 4474 scapulare,
1620 4383 1684 4452 aut

354 4496 541 4599 cingulum
561 4500 728 4600 portant3
750 4519 834 4569 nam
856 4520 922 4598 pro
939 4495 1019 4571 istis
1037 4492 1213 4572 tratribus
1233 4493 1394 4569 conditio
1415 4493 1555 4572 ferendi
1573 4519 1685 4600 prae-
