3622 5240
307 253 326 322 i
802 268 944 322 nrurom
968 269 1130 322 anrrcucr

307 382 400 484 apud
430 405 494 458 vus
522 383 712 482 praestare
740 380 918 472 volumus,
948 405 995 458 ne
1014 381 1089 458 ulla
1106 405 1153 458 ex
1170 387 1275 484 parte
1295 383 1535 487 Apostolatns
1556 387 1634 470 No-

311 503 373 584 etri
403 499 524 578 officio
552 501 676 578 deesse
705 501 907 577 videamur.

386 621 426 700 2.
457 623 579 699 Tanta
605 625 661 696 est
688 620 808 697 clades
835 647 858 698 a
885 621 1108 698 Nestoriana
1136 622 1280 701 haeresi
1318 625 1355 703 in
1393 632 1533 705 vestras
1575 655 1635 707 re·

307 737 434 839 giones
463 739 626 830 invecta,
666 739 709 811 ut
748 735 969 814 dominicam
1009 737 1156 814 vineam
1193 739 1279 816 istic
1314 742 1400 819 olim
1438 744 1630 823 florentem

308 855 612 934 exterminaverit
639 856 736 933 sicut
763 879 852 959 aper
878 861 923 934 de
951 857 1069 958 sylva,
1102 862 1214 960 atque
1241 860 1294 938 uti
1313 863 1513 967 singularis
1532 867 1635 945 ferus

308 981 480 1082 depastus
509 980 559 1054 sit
585 1002 680 1054 eam.
713 976 901 1079 Siquidem
930 978 1111 1078 paulatim
1139 982 1292 1058 evannit
1319 990 1493 1064 accurata
1520 1011 1634 1066 cauo-

310 1125 398 1178 num
417 1097 623 1201 disciplina,
641 1097 756 1200 periit
773 1098 942 1202 gravitas
962 1096 1199 1193 Pontificum,
1215 1099 1405 1181 hominum
1424 1105 1541 1183 Deum
1561 1132 1636 1185 non

309 1217 521 1296 timentium
550 1217 703 1294 ambitio
732 1217 772 1294 in
799 1215 1066 1294 ecclesiasticas
1092 1217 1292 1321 dignitates
1329 1223 1480 1321 insiliit,
1520 1226 1627 1306 here·

309 1340 465 1416 ditariae
492 1337 784 1440 patriarcharum
813 1338 1056 1415 successionis
1084 1342 1319 1440 opprobrium
1338 1343 1525 1424 invectum
1544 1349 1632 1427 fnit:

311 1466 349 1534 et
374 1455 558 1542 catholica
588 1456 768 1551 doctrina,
811 1459 945 1534 nedum
983 1458 1148 1558 antiquis
1185 1458 1260 1536 iam
1296 1459 1412 1540 ferme
1448 1467 1634 1565 obsoletis,

311 1579 372 1656 sed
400 1578 514 1654 etiam
542 1576 649 1654 novis
676 1576 862 1655 erroribus
891 1578 980 1654 adeo
1008 1578 1150 1656 infecta
1176 1582 1245 1674 est,
1288 1587 1330 1658 ut
1364 1583 1484 1685 ipsum
1524 1589 1638 1666 etiam

311 1696 565 1777 Christianum
592 1721 726 1774 nomen
755 1697 931 1773 iamiam
960 1697 1076 1775 ferme
1101 1699 1295 1778 delendum
1324 1701 1528 1784 videretur.
1559 1709 1640 1788 Ho-

312 1845 394 1900 rum
423 1819 600 1896 malorum
630 1819 814 1895 assiduam
841 1843 968 1897 curam
998 1819 1158 1898 Romani
1188 1818 1386 1900 Pontifices
1413 1851 1542 1928 gerere
1561 1853 1637 1908 non

314 1939 651 2042 praetermiserunt,
684 1937 750 2014 vix
777 1939 860 2014 dum
889 1937 995 2014 licuit
1022 1937 1255 2038 apostolicos
1273 1942 1372 2016 viros
1392 1942 1431 2019 in
1448 1942 1642 2024 Orientem

315 2060 477 2151 mittere;
507 2081 664 2158 quorum
692 2057 878 2134 laboribus
906 2062 945 2132 et
972 2057 1070 2133 curis
1098 2057 1266 2134 nonnulli
1294 2059 1493 2140 identidem
1511 2066 1642 2145 Nesto

315 2179 413 2256 riani
440 2177 649 2272 Praesnles,
680 2178 824 2254 haeresi
852 2177 1012 2270 eiurata,
1044 2176 1088 2252 ad
1116 2175 1335 2256 catholicam
1364 2181 1471 2259 fidem
1499 2190 1537 2260 et
1564 2185 1644 2262 uui·

316 2307 430 2378 tatem
459 2299 599 2376 reversi
627 2302 728 2393 sunt
768 2296 848 2386 Quo
886 2299 1010 2374 antem
1048 2296 1169 2372 studio
1207 2303 1419 2402 quantaque
1455 2303 1644 2382 charitate

318 2423 429 2500 iidem
455 2418 599 2519 excepti
627 2417 779 2510 fuerint,
801 2418 879 2492 eive
906 2417 970 2517 qui
997 2415 1142 2494 litteras
1160 2417 1205 2495 ad
1225 2417 1533 2501 Praedecessores
1562 2425 1642 2504 No-

317 2547 414 2620 stros
455 2542 644 2634 dederunt,
686 2541 765 2614 sive
801 2538 863 2637 qni
902 2537 1126 2638 posthabitis
1162 2537 1293 2641 longae
1330 2531 1642 2645 peregrinationis

320 2659 498 2738 molestiis
524 2664 562 2735 et
588 2657 787 2749 laboribus
819 2658 865 2732 ad
893 2654 988 2732 hanc
1016 2660 1186 2732 sanctam
1215 2659 1357 2738 Urbem
1385 2685 1533 2754 venere,
1565 2687 1645 2740 ma.

319 2784 451 2862 nifeste
478 2784 634 2884 apparet
670 2805 719 2856 ex
755 2777 991 2881 Apostolicae
1028 2777 1132 2855 Sedis
1170 2781 1280 2877 actis,
1320 2782 1471 2884 eiusque
1508 2783 1648 2861 litteris

319 2931 409 3007 quas
437 2904 476 2980 in
504 2901 668 2979 archivis
696 2899 832 3008 vestris
862 2899 984 2976 adhuc
1010 2903 1141 2975 extare
1168 2902 1361 2981 credimus.

401 3025 439 3102 3.
470 3023 661 3126 Exoptata
687 3021 835 3097 tandem
865 3018 989 3094 illuxit
1015 3019 1107 3110 dies,
1149 3045 1224 3120 qua
1251 3020 1422 3122 pluribus·
1453 3020 1648 3099 difficulta-

321 3145 421 3222 tibus
449 3169 469 3218 e
498 3142 616 3219 medio
644 3138 812 3226 sublatis,
850 3143 889 3214 et
926 3140 1146 3241 praesertim
1184 3140 1451 3218 haereditariae
1487 3139 1650 3242 patrian-

321 3266 472 3342 charum
518 3259 757 3337 successionis
795 3256 1058 3358 impedimento
1093 3266 1229 3352 amoto,
1270 3283 1418 3362 sperare
1453 3259 1570 3358 licuit,
1604 3268 1646 3338 ut

327 3384 500 3461 restituto
541 3385 651 3480 atque
691 3380 895 3482 composito
937 3380 1064 3458 ordine
1106 3379 1377 3457 ecclesiasticae
1414 3381 1646 3484 disciplinae,

323 3528 417 3605 quae
444 3501 529 3576 fidei
556 3499 773 3600 repagulum
801 3511 859 3576 est
885 3507 923 3577 et
949 3500 1131 3595 custodia,
1162 3498 1386 3576 revirescere
1412 3523 1455 3577 ao
1476 3501 1650 3578 reflorere

325 3626 447 3725 posset
473 3617 662 3696 Chaldaici
689 3615 784 3694 ritus
812 3617 989 3696 Ecclesia.
1029 3619 1067 3695 ld
1100 3619 1177 3696 Nos
1208 3619 1450 3718 sperabamus
1483 3617 1648 3696 futurum

325 3766 436 3844 opera
462 3739 560 3815 Ven.
592 3737 657 3817 rr.
687 3739 832 3841 losephi
859 3742 966 3816 Audn
988 3745 1077 3817 tunc
1096 3738 1254 3841 episcopi
1276 3735 1518 3833 Amediensis‚
1540 3763 1651 3841 quem

325 3863 396 3942 hac
418 3883 482 3961 spe
506 3856 662 3960 permoti
681 3857 873 3936 Vicarium
892 3859 1147 3960 Apostolicnm
1166 3855 1441 3958 patriarchatus
1461 3855 1651 3935 Chaldaici

326 3979 598 4072 constituimus,
628 3981 775 4080 quaudo
803 3978 901 4056 hunc
928 4001 1061 4055 vacare
1093 3976 1254 4080 contigit
1292 3999 1356 4077 per
1398 3977 1653 4053 renuntiatio-

327 4123 410 4176 nem
437 4099 554 4176 Isaiae
581 4098 701 4178 lacobi
730 4099 770 4176 in
798 4100 971 4177 manibus
1001 4097 1148 4175 Nostris
1178 4098 1327 4173 laetam:
1350 4101 1388 4172 et
1406 4097 1512 4174 valde
1531 4097 1651 4198 gavisi

328 4219 465 4296 luimus
492 4245 577 4296 cum
604 4223 734 4321 postea
761 4221 929 4297 eumdem
958 4219 1078 4294 virum
1107 4215 1296 4318 suffragiis
1322 4213 1589 4317 Episcoporum
1609 4217 1654 4290 ad

331 4338 613 4440 patriarchalem
640 4338 864 4442 dignitatem
890 4340 1048 4416 electum
1078 4361 1143 4414 sen
1171 4335 1400 4438 postulatum
1436 4333 1549 4410 luisse
1585 4357 1652 4409 ac-

329 4461 502 4560 cepimus.
534 4461 641 4538 Hanc
667 4462 820 4563 proinde
846 4460 1060 4537 electionem
1088 4482 1152 4534 sen
1182 4453 1467 4556 postulationem
1497 4454 1533 4528 in
1563 4477 1656 4529 con-

330 4580 477 4658 sistorio
505 4581 575 4663 diei
604 4581 820 4658 undecimae
837 4576 1066 4686 Septembris
1085 4599 1171 4652 ann.
1196 4571 1520 4652 MDOCOXLVlll
1540 4572 1656 4650 libem
