3674 5210
354 254 374 321 6
840 269 979 318 rrrsrom
1005 267 1167 317 nucrcrucl

439 371 477 448 5.
509 369 590 472 lpse
619 391 708 444 vero
736 368 834 444 (licto
871 366 1023 445 audiens
1062 365 1254 459 nonfuit,
1287 371 1325 444 et
1366 365 1678 448 Melabarensium

356 491 541 591 regionem
570 488 687 566 mullo
714 488 795 564 iure
821 513 925 563 suam
956 487 1027 562 iam
1057 512 1137 562 esse
1155 489 1392 576 contendens,
1415 489 1555 568 frustra
1575 492 1681 568 obni-

356 623 458 692 tente
499 617 536 688 et
571 611 789 714 prohibente
833 610 944 686 etiam
987 612 1055 684 sub
1097 610 1395 686 interminatione
1440 635 1681 690 censurarum

362 739 455 813 tren.
487 733 619 810 Fratre
646 730 808 808 Henrico
837 732 1022 807 Amanton
1052 729 1235 830 Episcopo
1272 733 1360 806 dum
1396 733 1540 808 viveret
1569 735 1683 812 Arca·

359 852 597 956 rliopolitano,
612 851 822 950 Nostroque
842 850 882 926 in
904 849 1173 949 Mesopotamia
1192 848 1382 951 Delegam,
1408 847 1586 927 'thomam
1603 854 1684 932 Ro-

361 977 429 1054 los
456 1000 476 1050 e
503 973 580 1048 suis
609 969 857 1046 familiaribus.
885 970 1009 1066 clepit,
1026 971 1064 1043 et
1083 967 1279 1070 episcopali
1301 969 1514 1046 charactere
1534 978 1683 1048 auctum

362 1096 400 1171 in
428 1090 674 1170 Malabariam
713 1090 828 1165 misit.
860 1088 931 1176 uui
962 1088 1048 1164 illuc
1089 1088 1276 1188 profectus
1304 1095 1342 1163 et
1370 1088 1461 1166 falso
1497 1115 1680 1182 asserem,

362 1240 401 1290 se
427 1213 529 1289 iussu
560 1211 695 1286 Nostro
722 1209 767 1284 ab
795 1208 918 1285 eodem
951 1206 1172 1284 Patriarcha
1203 1208 1352 1283 missum
1397 1209 1537 1298 fuisse,
1570 1211 1687 1290 eccle-

363 1335 550 1411 siasticam
579 1330 870 1408 iurisdictionem
902 1329 1107 1431 usurpavit,
1132 1327 1267 1404 multos
1295 1327 1381 1405 licet
1409 1331 1529 1407 minus
1557 1333 1687 1435 dignos

363 1456 408 1532 ad
436 1453 808 1553 ordinespromovit,
843 1449 1136 1526 blalabarensem
1168 1447 1268 1524 illam
1298 1448 1497 1526 Ecclesiam
1527 1477 1590 1526 sus
1617 1453 1687 1527 de-

364 1601 435 1676 que
462 1577 608 1649 vertere
635 1595 708 1647 non
736 1571 933 1646 dubitarit.
966 1567 1075 1644 Hisce
1103 1569 1253 1642 ausibus
1283 1568 1435 1667 permoti
1464 1576 1502 1644 et
1529 1571 1689 1668 querelis

366 1693 597 1769 sacerdotum
627 1689 943 1778 Melabarensium
972 1688 1137 1775 excitati,
1172 1688 1265 1762 Ven.
1299 1687 1420 1763 Fratri
1464 1689 1689 1768 Bernardino

366 1813 650 1914 Arcbiepiscopo
692 1807 969 1898 Pharsaliensi,
1003 1809 1067 1909 qui
1096 1811 1185 1882 tunc
1222 1808 1397 1907 temporis
1423 1807 1476 1882 illi
1506 1809 1690 1885 Ecclesiae

366 1933 509 2010 vicaria
535 1933 663 2006 nostra
692 1931 872 2028 potestate
900 1937 1078 2027 praeerat,
1106 1925 1372 2016 mandavimus,
1398 1935 1439 2002 ut
1464 1929 1691 2029 praedictum

369 2051 591 2155 Episcopum
619 2047 799 2122 Thomam
839 2052 1006 2121 moneret
1045 2045 1221 2120 canonice
1251 2048 1292 2119 ut
1320 2044 1421 2120 illinc
1462 2047 1600 2139 abiret,
1633 2071 1693 2122 re-

368 2177 542 2250 nuentem
587 2192 674 2244 vero
716 2165 928 2244 solemniter
969 2166 1335 2256 excommunicaret;
1366 2167 1462 2265 quod
1489 2174 1527 2242 et
1553 2167 1694 2245 factum

370 2299 440 2369 est.
474 2291 549 2368 Nos
577 2287 728 2363 interim
757 2285 914 2362 accitum
945 2283 1102 2360 Romam
1131 2284 1388 2361 Patriarcharu
1419 2311 1542 2362 coram
1570 2287 1695 2388 gravi-

370 2419 427 2490 ter
455 2407 758 2512 raprehendimus
787 2407 829 2482 de
857 2406 1017 2482 admisso
1045 2403 1238 2497 facinore,
1270 2407 1377 2505 eique
1414 2407 1690 2508 praecepimus,

373 2541 546 2632 utquam
578 2529 615 2603 in
645 2525 887 2602 Malabariam
914 2529 1051 2600 temere
1080 2526 1284 2599 intruserat
1313 2525 1535 2626 Episcopum
1565 2526 1696 2602 Rokos

371 2655 528 2754 ipsemet
573 2647 669 2723 illico
714 2648 922 2720 revocaret.
967 2643 1160 2719 Obedienti
1208 2643 1452 2721 Patriarohae
1493 2647 1696 2746 expetitam

373 2777 418 2850 ab
446 2795 489 2848 eo
518 2769 663 2845 veniam
683 2772 721 2841 et
738 2766 1005 2844 absolutionem
1026 2789 1048 2839 a
1067 2766 1230 2841 censuris
1250 2766 1405 2864 benigne
1434 2768 1695 2843 concessimus.

454 2888 492 2965 6.
524 2889 616 2964 Tum
646 2909 734 2962 vero
762 2909 839 2958 rem
868 2909 1014 2961 omnem
1043 2888 1081 2958 et
1109 2889 1243 2960 cuncta
1279 2891 1508 2987 quaegesta
1537 2885 1694 2978 fuerant,

374 3008 529 3112 expendi
559 3006 734 3082 iussimus
763 3031 784 3078 a
814 3004 907 3080 Ven.
939 3004 1133 3080 Fratribus
1172 3005 1310 3079 nostris
1338 3005 1377 3081 S.
1410 3007 1460 3081 R.
1494 3005 1537 3080 E.
1569 3005 1701 3082 Cardi-

376 3127 522 3204 nalibus
541 3123 852 3225 Congregutionis
871 3124 914 3199 de
933 3123 1180 3224 Propaganda
1200 3123 1288 3199 Fide
1307 3147 1373 3223 pro
1394 3122 1566 3222 Negotiis
1584 3121 1700 3201 Ritus

376 3245 590 3334 Orientalis,
603 3245 641 3320 iu
653 3247 836 3320 conventu
850 3243 977 3319 habito
996 3242 1054 3318 die
1074 3242 1317 3320 sextaMartii
1333 3268 1394 3319 an.
1411 3241 1698 3321 MDCCCLXV:

378 3367 418 3442 in
446 3387 518 3465 quo
546 3362 714 3438 omnibus
742 3364 812 3437 rite
841 3387 883 3438 ac
910 3366 1053 3438 mature
1083 3363 1287 3462 perpensis,
1310 3363 1548 3438 concordibus
1567 3360 1703 3436 suffra·

378 3485 451 3585 giis
480 3484 667 3585 Nobisque
696 3483 937 3585 probantibus
965 3483 1153 3558 definitum
1176 3490 1241 3569 est,
1269 3505 1340 3556 non
1360 3481 1531 3581 expedire
1560 3485 1602 3556 ut
1630 3480 1705 3554 Pa-

380 3603 563 3680 triarcbae
592 3601 876 3701 Babyloniensis
922 3602 1163 3679 Caldaeorum
1210 3601 1413 3677 iurisdictio
1459 3601 1498 3676 in
1545 3599 1705 3675 ltlalaba·

381 3723 475 3797 riam
504 3725 777 3809 extenderetur,
810 3729 848 3795 et
876 3720 991 3795 multa
1019 3720 1130 3794 simul
1167 3720 1370 3794 constituta
1408 3727 1521 3810 sunt,
1554 3727 1627 3793 tam
1658 3717 1704 3792 ad

382 3840 707 3918 Malabariensium
747 3839 1037 3916 incolumitatem
1079 3840 1376 3938 procurandam,
1409 3865 1517 3940 quam
1548 3839 1593 3914 ad
1622 3861 1706 3938 per·

382 3962 636 4037 turbationem
664 3961 870 4035 animorum
901 3959 1108 4040 sedandam,
1132 3982 1226 4058 quae
1255 3959 1352 4033 inter
1380 3959 1583 4035 Chaldaeos
1612 3963 1707 4034 exci-

384 4085 464 4156 tata
505 4083 587 4156 erat
625 4080 672 4154 ob
709 4103 752 4154 ea
798 4101 942 4178 quaea
977 4075 1198 4152 Patriarcha
1244 4087 1381 4154 temore
1410 4077 1508 4152 fucta
1535 4073 1703 4151 lucrant.

384 4199 494 4275 Hisce
523 4197 745 4300 Apostollcis
775 4197 955 4273 mandatis
983 4195 1072 4270 licet
1098 4194 1265 4272 dolenter
1296 4197 1488 4273 Patriarca
1523 4196 1710 4294 acquievit

384 4329 449 4396 aut
477 4320 606 4395 saltem
637 4318 867 4418 acquiescere
897 4316 997 4389 visus
1026 4318 1099 4406 est;
1130 4341 1243 4415 quam
1272 4317 1484 4416 opinionem
1515 4315 1707 4392 confirma-

384 4443 472 4514 runt
500 4439 706 4540 posteriora
733 4437 813 4511 eius
841 4441 964 4536 gesta3
994 4435 1063 4509 etsi
1094 4436 1190 4509 enim
1222 4435 1358 4535 aliquid
1387 4434 1509 4511 mirms
1538 4442 1636 4512 recte
1665 4439 1711 4512 ab

385 4583 427 4636 eo
455 4560 685 4664 postmoduqr
716 4555 858 4631 factum
888 4577 968 4629 esse
996 4551 1227 4646 doleremus,
1260 4579 1297 4629 se
1327 4562 1453 4630 tamen
1489 4555 1604 4630 Nobis
1633 4579 1713 4631 mo-
