3670 5222
598 259 639 310 sx
664 260 746 308 teris
769 256 1045 306 coustsroauttaus
1436 235 1479 310 99

225 361 455 424 Ertscorauuu
480 361 671 424 Eecunsrau
695 360 800 422 Tana-

163 485 251 530 tues.
292 467 351 530 suh
405 464 651 551 Archiepiscopo
690 467 799 530 (laesa-

89 641 93 652 ,
161 573 242 636 ciens
268 573 299 638 in
324 572 465 656 partibus
490 569 666 638 infidelium
688 589 796 637 racan.

160 698 217 764 per
239 677 472 744 successionem
496 681 535 744 lt.
560 681 593 742 P.
613 681 649 743 [l.
668 679 799 746 Samue-

161 785 195 849 lis
221 785 398 861 Eccleston,
423 784 520 851 modo
542 785 604 850 vita
630 783 741 860 luncti,
759 782 797 848 ad

159 890 433 978 metropolitanam
456 891 572 958 Sedem
591 891 798 955 Baltimoren·

159 1017 234 1062 sem:
254 998 474 1064 sanctissimus
489 998 650 1083 promovit
662 996 701 1062 ad
714 1015 799 1060 eam-

160 1101 231 1167 ilem
268 1103 451 1168 Thermien.
491 1103 661 1169 Ecclesiam
698 1113 730 1167 et
765 1102 796 1168 in

160 1208 407 1286 coadiutorem,
446 1215 481 1276 ll.
508 1214 541 1275 Ρ.
569 1215 604 1276 u.
638 1211 795 1278 Vincentii

160 1317 309 1405 Eisceglia
356 1317 510 1383 Antistitis
554 1318 796 1384 Thermularum

159 1421 326 1508 deputarit
353 1427 388 1488 ll.
419 1427 456 1489 D.
478 1426 677 1488 Franciscum
700 1426 799 1488 Maca-

159 1547 234 1592 rone
253 1547 293 1592 ea
309 1527 472 1615 legitimis,
491 1527 663 1606 catholicis
682 1529 798 1595 nobili·

159 1633 281 1719 busque
293 1634 480 1720 parentibus
493 1637 655 1703 (larinolae
671 1634 799 1701 dioece-

157 1759 227 1806 seos
243 1743 414 1809 suessanae
430 1743 637 1831 progenitum
654 1752 687 1809 et
703 1741 799 1827 quin·

158 1851 376 1936 quagesimum
412 1858 558 1916 octavum
592 1849 700 1916 aetatis
722 1867 797 1916 suae

157 1973 274 2021 annum
290 1974 542 2044 supergressum.
563 1958 797 2042 Presbyteratus

158 2059 270 2126 ordine
306 2070 339 2127 et
363 2061 396 2128 in
418 2083 502 2127 sacra
526 2062 703 2149 theologiae
739 2061 798 2128 du·

158 2165 235 2232 dum
269 2166 421 2236 doctorali
443 2169 548 2234 laurea
580 2169 737 2247 donatus,
766 2169 797 2236 in

158 2270 374 2339 ecclesiasticis
396 2275 552 2341 obeundis
582 2275 797 2343 functionibus

157 2379 303 2462 apprime
337 2381 478 2460 emicuit,
504 2382 536 2448 in
559 2385 658 2468 patria
695 2383 798 2450 Golle-

158 2485 236 2569 giata
261 2486 437 2553 canonicus
452 2489 716 2557 Paenitentiarius
731 2491 797 2576 pri-

158 2609 258 2669 mum,
284 2592 449 2681 hucusque
476 2607 582 2664 autem
618 2598 795 2685 Theologali

158 2696 337 2780 praebenda
354 2713 387 2768 et
398 2701 677 2771 Archidiaconatus
693 2704 798 2792 digni-

159 2812 221 2868 tate
229 2802 411 2874 honestatus
421 2809 597 2877 est.llicarii
611 2813 641 2875 in
651 2811 798 2896 spiritua-

158 2908 237 2975 libus
249 2914 408 2982 Generalis
423 2937 557 2986 munere
573 2917 650 2986 inibi
664 2919 799 3006 perluu-

162 3030 229 3087 ctus
245 3019 313 3092 est.
337 3025 424 3091 lntec
440 3027 676 3094 illuminatores
692 3049 726 3094 ac
742 3029 792 3095 lu·

160 3125 244 3194 dices
260 3131 507 3214 pro-Sinodales
529 3146 693 3218 cooptatus
721 3133 793 3204 luit.

224 3235 390 3302 Thermiae
429 3239 644 3326 Cappadociae
688 3240 797 3308 civitas

160 3341 259 3407 adhuc
294 3345 353 3411 sub
378 3343 555 3412 infidelium
589 3346 669 3412 iacet
702 3357 796 3434 pote·

159 3459 249 3524 state;
275 3452 421 3534 quocirca
438 3453 632 3519 miserrimus
654 3455 721 3519 eius
736 3465 797 3520 sta-

162 3565 208 3618 tus
230 3556 355 3622 silentio
378 3559 582 3644 praeteritur.

224 3663 465 3729 Thermularum
504 3684 583 3733 roro
617 3667 724 3732 civitas
764 3667 796 3732 in

159 3771 285 3836 Samnio
309 3770 348 3837 ad
372 3773 444 3838 litus
468 3775 563 3840 maris
577 3772 727 3840 Adriatici
744 3793 796 3838 ae-

160 3876 292 3956 dificata,
311 3881 344 3946 in
359 3898 416 3944 suo
433 3878 568 3965 duplicis
584 3878 711 3944 circiter
726 3879 787 3944 mil·

158 3983 221 4048 liari
247 3987 367 4053 ambitu
392 3988 472 4052 ultra
497 3988 685 4077 quingentas
710 4007 797 4052 com·

160 4091 306 4176 plectitur
322 4092 444 4169 domos,
463 4105 558 4179 atque
574 4096 612 4161 ab
629 4097 706 4162 ultra
724 4113 796 4178 sep-

161 4209 221 4262 tem
245 4200 385 4266 millibus
410 4198 601 4266 inhabitatur
624 4201 742 4266 incolis.

225 4308 419 4374 Gathedralis
453 4307 590 4373 Ecclesia
624 4308 741 4371 veteris
764 4315 795 4370 et

161 4417 301 4502 gothicae
346 4426 521 4480 structurae
567 4410 794 4501 purificationis

163 4523 331 4590 hilariae
366 4541 494 4609 semper
529 4521 665 4606 Virginis
701 4518 794 4583 titulo

855 354 1022 444 gloriatur,
1052 363 1083 419 et
1108 355 1354 442 hrchiepiscopo
1387 361 1490 427 Bene·

856 474 989 529 ventano
1012 463 1212 551 suffragatur.

919 569 994 634 Eius
1029 570 1208 654 Capitulum
1244 570 1343 638 trihus
1372 582 1492 640 constat

852 675 1072 763 Dignitatibus,
1099 695 1137 742 ex
1162 675 1276 762 quihus
1291 688 1364 764 post
1385 680 1493 746 Ponti·

851 782 972 849 ficalem
996 785 1096 850 maior
1121 783 1408 864 Archidiaconatus3
1433 804 1492 852 no-

851 909 925 956 vem
960 889 1038 958 item
1063 892 1226 958 canonicis
1250 911 1321 957 cum
1357 903 1491 978 utraque

849 995 1048 1080 praebenda,
1074 995 1207 1081 aliisque
1237 996 1432 1080 Presbyteris
1457 1008 1489 1062 et

852 1101 980 1168 clericis
1031 1100 1107 1168 inihi
1150 1100 1266 1169 divinis
1307 1102 1490 1169 inservien-

850 1209 946 1275 tibus.

917 1319 976 1381 Per
999 1313 1342 1403 archipresbyterum,
1376 1336 1490 1388 secun-

851 1423 922 1489 dam
947 1421 1107 1508 Capituli,
1132 1421 1346 1510 Dignitatem,
1372 1425 1491 1490 anima·

850 1548 921 1596 rum
946 1549 1018 1596 cura
1045 1539 1212 1595 exercetur
1235 1529 1268 1594 in
1293 1528 1488 1599 Cathedrali.
1562 1579 1563 1582 ,

917 1640 1046 1703 Praeter
1070 1634 1289 1702 Gathedralem
1314 1637 1398 1703 nulla
1433 1636 1491 1704 alia

851 1745 883 1811 in
905 1739 1145 1810 ''lhermularum
1171 1743 1297 1808 civitate
1328 1747 1491 1828 reperitur

852 1850 1025 1918 Curionalis
1041 1849 1189 1925 Ecclesia,
1206 1848 1263 1914 sed
1281 1868 1378 1915 unum
1396 1851 1490 1918 dum·

851 1967 933 2023 taxat
956 1957 1097 2022 virorum
1121 1954 1325 2032 coenobium,
1351 1975 1411 2022 una
1434 1956 1487 2022 lai-

851 2081 961 2128 corum
976 2061 1130 2140 sodalitas,
1149 2071 1182 2126 et
1195 2061 1411 2128 seminarium.
1426 2065 1490 2128 llo-

849 2172 959 2258 spitale
983 2188 1061 2235 vero
1084 2180 1116 2234 et
1138 2187 1227 2234 mons
1255 2169 1380 2256 pietatis
1405 2169 1491 2235 desi-

851 2277 1013 2343 derantur.

916 2381 1071 2450 llioecesis
1094 2380 1230 2448 ambitus
1251 2380 1325 2446 satis
1343 2379 1417 2458 late,
1435 2401 1487 2469 pa·

849 2504 907 2570 tet,
934 2501 966 2555 et
988 2486 1151 2554 sexdecim
1173 2487 1231 2555 suh
1253 2506 1287 2552 se
1303 2487 1489 2573 complecti·

850 2608 902 2663 tur
927 2595 1056 2684 oppida.

909 2722 1204 2772 urrnorotrrauau
1221 2721 1401 2768 sccunstau
1433 2725 1486 2768 sa·

851 2829 1023 2878 renarras.
1050 2826 1122 2875 cum
1157 2818 1311 2895 perpetua
1325 2831 1328 2838 ⁴
1344 2809 1488 2875 Admini-

849 2917 1000 2982 stratione
1015 2913 1208 2980 cathedralis
1224 2911 1382 2978 Ecclesiae
1392 2917 1488 2979 heer-

850 3023 956 3093 nensis
989 3039 1096 3086 vacan.
1123 3039 1182 3105 per
1214 3017 1434 3084 dimissionem
1469 3041 1485 3084 a

850 3135 886 3198 E.
907 3134 939 3197 P.
959 3133 995 3196 u.
1015 3125 1179 3192 Dominictl
1202 3122 1376 3209 Guadalupi
1401 3125 1484 3190 ultro

850 3237 1053 3319 libenterque
1088 3231 1121 3299 in
1155 3227 1297 3294 manibus
1332 3229 1488 3296 SANCTI-

849 3347 960 3409 l'thS
994 3342 1098 3409 SUAE
1132 3347 1317 3423 peractam,
1343 3335 1382 3401 ab
1419 3341 1488 3402 Et·

850 3451 1010 3528 DEMQUE
1044 3445 1234 3511 admissam:
1270 3443 1486 3509 sanctissimus

851 3554 1006 3622 transtulit
1028 3551 1067 3618 ad
1092 3549 1279 3616 recensitam
1312 3539 1482 3613 Ecclesiam

850 3663 1037 3730 salernitan.
1057 3670 1089 3724 et
1113 3659 1145 3724 in
1169 3656 1483 3722 Administrationem

851 3771 1038 3837 hcernensis
1067 3763 1227 3832 Ecclesiae
1244 3750 1487 3849 deputavitlle-

849 3873 1029 3940 verendum
1059 3873 1183 3934 Patrem
1215 3871 1305 3933 llom.
1328 3865 1485 3930 Valerium

850 3985 978 4067 haspro,
996 3976 1084 4041 cuius
1108 3973 1274 4058 qualitates
1289 3971 1326 4033 alt
1351 3973 1486 4052 Aposto-

851 4090 907 4154 lica
931 4089 1040 4154 Sancta
1073 4082 1155 4147 Sede
1181 4078 1369 4164 adprobalae
1397 4077 1484 4139 luere

848 4195 915 4259 sire
946 4210 1018 4257 cum
1053 4205 1133 4254 anuo
1175 4188 1258 4250 {860
1298 4181 1338 4247 de
1377 4199 1485 4246 mense

850 4302 957 4367 hlartio
971 4296 1206 4385 Gallipolitanae
1220 4287 1378 4356 Ecclesiae
1393 4305 1485 4370 prae-

851 4406 960 4482 lectus,
973 4405 1040 4468 sire
1053 4420 1124 4466 cum
1139 4399 1169 4464 in
1184 4415 1292 4461 mense
1306 4393 1383 4456 llaio
1399 4394 1482 4455 1872

848 4512 887 4580 ad
905 4513 1078 4577 Liciensem
1095 4505 1212 4574 Sedem
1232 4501 1394 4579 translatus
1411 4495 1481 4564 luit.

1641 4739 1814 5190 ,
