3674 5210
574 223 612 274 ex
638 227 721 274 aeris
744 223 1026 278 cousrsruutatiutts
1420 205 1463 284 65

200 321 387 391 Diocaeseos
421 324 556 392 ambitus
590 324 629 390 ad
659 325 771 412 viginti

133 443 270 518 quatuor
296 432 436 498 irrrllioria
454 431 524 517 plus
540 432 645 499 minus
662 441 776 497 exten·

133 542 233 618 alitur,
259 551 291 607 et
316 540 429 607 ‹lereur
452 539 511 606 sub
532 559 567 605 se
591 537 772 624 complecti·

134 659 185 712 tut·
210 649 288 712 luca.

201 757 503 820 Muraorourrauau
519 755 706 816 Eccussruu
717 755 773 816 Bo-

133 882 266 928 uournu.
300 879 406 925 vacuu.
440 879 499 946 per·
538 859 772 925 translationem

131 970 245 1056 vigore
269 967 407 1054 optionis
424 967 492 1030 Emi
510 985 543 1030 ac
560 965 630 1033 Emi
648 963 771 1030 Domini

133 1074 236 1140 Caroli
273 1071 382 1140 ttoistt
411 1075 444 1140 S.
470 1077 507 1140 R.
534 1076 572 1138 E.
600 1069 773 1138 cardinalis

135 1178 299 1247 lior-ichini
324 1179 363 1247 ad
386 1179 504 1248 Sedem
536 1179 770 1253 Albauensem3

196 1286 418 1355 Sanctissimns
435 1286 591 1352 transtulit
606 1284 644 1350 ad
662 1301 774 1349 recen·

132 1395 222 1460 sitam
254 1394 425 1461 Ecclesiam
450 1397 488 1461 ll.
507 1397 540 1458 P.
561 1395 596 1458 l).
616 1389 770 1457 Lucidum

131 1501 259 1566 llariam
272 1498 431 1577 Paroccbi,
447 1499 536 1564 cuius
553 1499 718 1584 qualitates
734 1493 772 1562 ab

132 1608 313 1693 apostolica
337 1608 448 1674 Sancta
472 1605 556 1673 Sede
583 1601 773 1688 adprobatus

132 1713 224 1780 luere
247 1731 321 1778 cum
345 1711 387 1779 de
410 1715 535 1778 mense'
553 1709 696 1777 Octobris
719 1727 774 1776 an·

129 1821 163 1884 ni
192 1821 276 1886 1871
309 1818 452 1905 Papiensi
489 1817 646 1885 Ecclesiae
680 1835 774 1903 prae-

130 1929 236 1994 fectus
260 1927 331 1994 luit.

200 2033 339 2100 Bononia
365 2031 448 2098 inter·
464 2030 649 2118 praecipuas
670 2029 773 2095 ltaliae

129 2142 277 2208 civitates
298 2139 526 2216 adnumerata,
561 2155 664 2224 prope
693 2134 775 2202 llbe-

130 2267 209 2314 nnm
234 2264 360 2313 amnem
375 2244 433 2311 sita
451 2243 657 2331 conspicitur,
680 2243 774 2327 quin-

130 2372 198 2440 que
222 2355 349 2420 circiter
364 2351 544 2418 milliarium
561 2362 609 2416 est
624 2349 771 2426 ambitus,

130 2460 377 2550 quatuordecim
394 2457 480 2526 mille
493 2456 637 2524 continet
649 2457 772 2532 domos,

131 2589 270 2657 eamque
292 2567 373 2636 ultra
388 2567 558 2653 nonaginta
575 2563 717 2630 incolunt
731 2560 777 2626 ci·

129 2679 223 2744 vium
246 2677 356 2744 millia.

201 2783 440 2869 metropolitana
465 2779 615 2855 Ecclesia,
636 2776 776 2864 praecla-

130 2895 157 2958 ri
183 2902 217 2958 et
240 2892 316 2958 satis
337 2889 432 2974 ampli
458 2883 605 2961 aedificii,
633 2887 664 2951 S.
691 2882 774 2947 Petri

132 2999 359 3086 Apostolorum
383 2994 536 3079 Principis
554 2993 644 3057 titulo
662 2991 776 3079 gloria·

133 3117 198 3181 tur,
224 3103 322 3188 eique
345 3100 508 3166 lmolensis
530 3117 564 3162 ac
585 3097 775 3164 Fauentinus

130 3208 345 3296 suffragantur
367 3206 530 3292 Episcopi.

201 3313 278 3398 Ejus
302 3313 482 3397 Capitulum
507 3322 643 3396 quatuor
666 3327 777 3376 recen-

131 3433 179 3486 set
206 3419 389 3508 dignitates,
414 3436 549 3502 quarum
573 3427 643 3505 post
669 3413 776 3503 penti-

133 3528 256 3593 ficalem
272 3525 375 3612 prima
393 3524 683 3602 archidiaconatus,
697 3522 776 3589 duo-

134 3627 243 3694 decim
267 3646 339 3693 cum
364 3639 497 3712 utraque
520 3626 701 3711 praebenda
720 3629 776 3694 Ca-

135 3735 281 3810 nonicos,
307 3734 475 3798 nonnullos
500 3733 722 3799 blansiouarros
744 3745 777 3798 et

136 3835 594 3923 Capelianus-Beneficiatos,
635 3835 777 3920 aliosque

135 3937 343 4023 Presbyteros
366 3946 398 4004 et
422 3937 560 4006 clericos
582 3936 698 4006 diuinis
731 3939 777 4002 iu-

133 4045 325 4110 servientes.

203 4152 302 4216 Peues
326 4151 506 4237 Capitulum
530 4163 614 4221 extat
633 4154 778 4222 habitua-

133 4256 170 4328 lis
196 4275 270 4320 cura
295 4257 486 4338 aniuuarum,
512 4280 611 4347 eaque
638 4282 698 4348 per·
722 4269 760 4333 Cu

133 4363 286 4428 noricum
311 4366 490 4445 Sarristam,
509 4369 678 4436 Parecbum
696 4391 779 4442 nun·

133 4483 312 4551 sapatum,
337 4469 515 4538 abeodem
541 4473 685 4558 capitulo
714 4477 780 4544 ele·

199 4585 271 4626 aete
287 4579 357 4628 Tora.
372 4579 488 4645 .i,f‹rac.
505 4581 563 4636 (³1.

828 336 930 403 ctum,
956 337 1050 413 atque
1074 329 1112 394 ab
1138 333 1384 418 lrcbiepiscopo
1411 333 1466 400 ad-

826 433 1008 517 probatum,
1026 448 1196 503 exercetur
1211 439 1343 524 ipsamet
1356 440 1389 507 in
1402 444 1466 506 lle-

827 540 1023 625 tropolitaua.

894 647 1010 735 Viginti
1036 659 1172 734 quatuor
1195 650 1325 738 iusuper
1353 670 1465 718 recen-

825 763 936 819 sentur
960 755 1119 821 Bononiae
1142 757 1332 842 paroeciales
1356 757 1466 824 Eccle-

825 859 890 927 siae
905 861 1080 950 baptismali
1093 861 1182 929 lente
1196 862 1378 944 destitutae,
1394 864 1466 932 Col-

824 968 1081 1057 legista-Basilica
1092 969 1151 1034 sub
1161 969 1465 1038 invocationeS.Pe-

826 1074 920 1142 uonii
957 1073 1090 1141 civitatis
1113 1076 1260 1152 Patroni,
1286 1075 1376 1162 plura
1402 1085 1463 1141 tam

825 1200 886 1267 pro
919 1179 1019 1258 viris,
1056 1198 1150 1265 quam
1184 1198 1244 1266 pro
1278 1181 1464 1248 mulieribus

825 1285 1025 1362 monasteria,
1050 1286 1219 1352 nonnullae
1241 1285 1392 1352 laicorum
1413 1305 1465 1352 se-

825 1392 981 1468 dalitatss,
1006 1401 1143 1478 quatuor
1165 1391 1343 1476 hospitalia,
1368 1410 1465 1478 quae-

826 1499 898 1566 dam
920 1500 979 1566 alia
1000 1501 1068 1566 loca
1091 1499 1167 1585 pia,
1191 1517 1282 1566 mons
1309 1497 1461 1582 pietatis,

825 1615 923 1694 etque
945 1608 1163 1674 seminarium.

892 1711 1170 1780 Archidioeceseos
1192 1712 1327 1779 ambitus
1349 1710 1390 1778 ad
1416 1711 1464 1778 ul-

827 1831 872 1887 tra
902 1818 1040 1885 bisceuta
1065 1817 1204 1886 milliaria
1234 1814 1461 1905 pretenditur,

826 1936 862 1994 et
882 1926 972 2014 plura
994 1924 1053 1993 sub
1075 1946 1109 1993 se
1133 1925 1355 2011 complectitur
1381 1923 1459 1988 loca.

898 2051 1227 2100 sneurnrrsoorauuu
1279 2049 1461 2096 ecetesiam

826 2160 974 2208 nrunsru.
995 2140 1185 2228 inpartibus
1210 2137 1385 2204 infidelium
1410 2155 1462 2200 va-

826 2267 893 2314 can.
920 2267 981 2334 per
1004 2247 1123 2313 obitum
1142 2245 1195 2312 bo.
1213 2263 1276 2310 me.
1297 2239 1462 2308 Alexandri

827 2358 945 2425 Asinari
977 2377 994 2421 a
1028 2361 1142 2425 Sancto
1176 2354 1325 2421 blartiano
1359 2349 1462 2418 ultimi

826 2463 911 2531 illius
935 2461 1173 2548 archiepiscopi
1197 2473 1284 2527 ertru
1302 2478 1464 2526 romanam

827 2571 947 2636 curiam
959 2569 1111 2635 deluncti:
1129 2568 1346 2636 sanctissimus
1364 2575 1465 2631 traus-

828 2676 902 2744 tulit
923 2675 962 2742 ad
998 2675 1143 2740 eamdem
1172 2674 1341 2739 Ecclesiam
1373 2677 1408 2739 ll.
1428 2674 1462 2737 P.

828 2785 864 2849 D.
883 2782 1081 2847 Franciscum
1095 2801 1134 2847 eu
1148 2780 1322 2848 comitibus
1336 2779 1466 2845 Folical-

828 2888 885 2966 di,
926 2887 1015 2954 cuius
1052 2886 1216 2974 qualitates
1256 2886 1293 2952 ab
1333 2889 1466 2973 Aposto-

828 2994 887 3060 lica
904 2996 1014 3063 Sancta
1038 2993 1122 3062 Sede
1144 2992 1333 3077 adprobatae
1359 2990 1463 3066 luere,

829 3119 901 3166 cum
932 3100 972 3165 de
1007 3117 1117 3168 meuse
1156 3096 1296 3163 lanuario
1335 3105 1461 3181 praete-

829 3207 880 3272 ritu
897 3225 968 3274 auur
988 3205 1145 3274 limatensi
1161 3203 1320 3270 Ecclesiae
1337 3202 1464 3289 praele-

831 3321 898 3377 ctus
923 3311 993 3378 luit.

897 3418 1038 3505 Ephesus
1051 3416 1216 3483 clarissima
1232 3419 1321 3480 Asiae
1335 3415 1466 3481 minoris

829 3523 904 3590 urbs
935 3527 967 3588 in
1001 3524 1082 3588 lonis
1116 3521 1155 3589 ad
1190 3541 1276 3587 oram
1311 3523 1466 3587 literalem

830 3633 922 3696 maris
946 3631 1075 3716 Aegaei,
1100 3626 1201 3694 adhuc
1220 3627 1262 3692 sb
1288 3625 1466 3694 infidelibus

830 3734 1006 3800 miserrime
1020 3733 1194 3812 detinetur,
1209 3735 1354 3820 quocirca
1370 3741 1467 3797 status

831 3842 899 3908 eius
923 3840 1067 3906 infandus
1089 3840 1215 3906 silentio
1239 3841 1442 3927 praeteritur.

920 3951 1220 4013 blsauorcurrauau
1278 3952 1465 4013 Ecclesium

832 4057 1029 4120 Suuunsrru.
1048 4070 1155 4119 vacan.
1181 4070 1241 4137 per·
1264 4054 1384 4120 obitum
1409 4054 1461 4119 bo.

832 4177 895 4223 me.
923 4157 1042 4223 llartlni
1077 4157 1227 4224 Ricciardi
1256 4160 1354 4224 ultimi
1382 4161 1465 4224 illius

833 4263 1082 4351 Archipraesulis
1110 4275 1197 4329 entra
1222 4284 1380 4332 romanam
1410 4285 1467 4330 cu·

832 4373 909 4436 rium
932 4371 1095 4450 deluncti;
1121 4373 1337 4440 sanctissimus
1361 4373 1467 4437 evexit

831 4479 870 4544 ad
886 4481 1072 4543 recensitam
1091 4479 1260 4546 Ecclesiam
1277 4483 1315 4546 ll.
1331 4483 1367 4544 Ι).
1386 4483 1464 4546 Leu-

1387 4597 1404 4646 t
