3674 5210
332 207 353 276 8
818 227 958 278 nrrsrom
983 227 1145 276 sucrcmcl

333 322 467 400 factum
498 325 566 400 est.
598 321 741 414 Quibus
768 325 973 401 devotionis
1001 331 1039 400 ot
1065 325 1296 401 obedientiae
1323 321 1656 424 significationibus

333 443 421 518 adeo
448 443 606 545 permoti
635 443 785 533 fuimus,
810 446 851 519 ut
876 467 960 520 cum
988 445 1067 544 ipse
1093 443 1257 521 umiliter
1275 445 1519 544 exposuisset,
1545 441 1653 518 malle

333 583 372 634 se
400 563 441 634 ut
467 583 576 661 quern
604 559 816 644 Amediensi
845 557 1142 661 praefeceramus
1179 559 1392 650 Ecclesiae,
1425 558 1524 634 hunc
1552 557 1655 632 Mar-

332 678 435 754 densi
463 679 634 756 daremus
659 679 884 781 episcopum,
916 686 954 756 et
983 679 1158 772 vicissim,
1184 679 1366 758 Noseins
1394 677 1564 779 petitioni
1592 701 1659 752 an·

333 797 519 874 nuendum
550 802 702 876 omnino
728 799 954 876 duxerimus.

413 917 456 1012 8.Ι
484 919 576 996 Post
602 918 695 995 haec
723 942 797 995 non
824 920 963 996 diutius
994 918 1239 998 differendam
1267 919 1476 996 censuimus
1503 919 1660 994 ordina-

336 1040 473 1116 tionem
521 1037 737 1141 disciplinae
774 1039 813 1115 in
852 1040 1103 1140 patriarchatu
1147 1039 1338 1121 Chaldaici
1367 1041 1487 1132 ritus,
1519 1036 1560 1116 in
1588 1063 1662 1138 qua·

334 1159 386 1234 ab·
409 1158 674 1259 Episcoporum
715 1158 892 1240 electione
920 1161 992 1236 rite
1021 1164 1230 1264 peragenda
1266 1161 1413 1236 initium
1455 1159 1660 1235 ducendum
1695 1149 1698 1156 ’

334 1275 485 1358 omnino
512 1283 607 1371 erat;
638 1278 711 1354 nisi
739 1278 837 1356 enim
865 1281 1128 1381 spectatissimi
1157 1279 1229 1358 viri
1256 1281 1321 1382 qui
1349 1282 1459 1357 iuxta
1493 1303 1557 1356 cor
1594 1279 1663 1355 Dei

334 1403 373 1476 et
399 1396 629 1476 voluntatem
658 1399 738 1476 eius
766 1397 926 1494 faciant,
959 1401 1005 1478 ad
1033 1427 1125 1479 onus
1153 1399 1240 1478 illud
1282 1400 1459 1502 angelicis
1500 1398 1664 1476 humeris

335 1518 604 1597 formidandum
633 1525 885 1611 assumantur,
916 1523 1140 1621 gravissima
1166 1527 1303 1600 damna
1328 1530 1366 1598 et
1393 1520 1509 1598 ferme
1536 1518 1666 1596 imme-

334 1636 510 1717 dicabiles
537 1640 766 1718 calamitatis
797 1639 981 1720 Ecclesiae
1007 1642 1223 1738 obveniunt3
1254 1644 1351 1743 quod
1379 1641 1545 1718 omnium
1571 1641 1667 1714 iem-

336 1785 466 1862 porum
496 1767 534 1834 et
559 1760 723 1838 locorum
753 1760 914 1838 historia
958 1765 1146 1854 testatur,
1180 1762 1411 1864 experientia
1453 1758 1663 1840 confirmat.

336 1881 510 1958 Huncin
540 1883 648 1959 linem
678 1908 795 1984 eoque
822 1883 975 1959 consilio
1003 1884 1103 1958 edita
1135 1911 1156 1958 a
1184 1883 1299 1960 Nobis
1337 1886 1395 1959 est
1432 1880 1547 1980 pridie
1584 1877 1664 1954 Ka-

336 2003 462 2078 lendas
490 2004 714 2104 Septembris
742 2028 840 2080 annno
868 2002 1162 2084 MDCOGLXIX
1190 2003 1404 2104 Apostolica
1431 1998 1657 2088 constitutio

338 2121 443 2198 cuius
470 2123 649 2225 initi-tium
676 2123 782 2210 ‚Cum
811 2126 1070 2200 ecclesiastica
1098 2125 1340 2225 disciplina:
1371 2123 1408 2198 in
1450 2145 1525 2220 qua
1570 2117 1669 2196 circa

338 2239 553 2340 electionem
596 2244 864 2345 Episcoporum
891 2243 928 2321 id
956 2242 1073 2322 ferme
1112 2246 1335 2320 servandum
1377 2240 1668 2318 constituebatur

338 2363 436 2464 quod
463 2363 539 2464 ipse
568 2363 805 2457 Patriarcha,
838 2364 892 2441 uti
920 2387 1033 2464 supra
1059 2363 1234 2458 diximus,
1258 2363 1416 2438 libenter
1443 2363 1575 2460 egerat
1602 2382 1669 2460 pro

340 2483 566 2560 dioecesibus
594 2483 890 2560 Diarbckiriensi
918 2489 955 2559 et
981 2483 1195 2586 Mardensi3
1227 2482 1397 2558 videlicet
1426 2485 1468 2556 ut
1496 2504 1577 2556 cum
1607 2477 1669 2553 ali·

340 2627 448 2705 quam
479 2603 609 2679 sedem
637 2601 881 2703 episcopalem
910 2626 1042 2679 vacare
1068 2603 1311 2704 contingeret,
1337 2611 1412 2678 tres
1442 2599 1557 2676 Nobis
1585 2620 1670 2699 spe-

341 2723 431 2800 ctati
463 2722 533 2798 viri
562 2724 608 2799 ab
639 2723 907 2830 Episcoporum
946 2724 1087 2825 synodo
1135 2726 1458 2825 proponerentur,
1493 2725 1670 2820 utquam

340 2842 544 2943 digniorem
574 2851 612 2918 et
639 2844 756 2944 magis
783 2845 953 2920 idoneum
982 2844 1243 2935 indicaremus,
1277 2867 1358 2918 euru
1392 2840 1536 2915 vacanti
1569 2840 1670 2914 dioe-

341 2964 415 3040 cesi
445 2962 743 3064 praeficeremus3
775 2963 921 3039 irritum
944 2968 1067 3039 auteur
1097 2968 1135 3039 et
1163 2965 1274 3040 inane
1294 2960 1372 3038 iore
1391 2961 1666 3048 decernebatur,

341 3084 372 3160 si
401 3083 489 3184 quid
517 3089 648 3159 contra
676 3081 880 3184 praemissa
907 3083 1141 3186 contingeret
1168 3083 1361 3160 attentari.

371 3291 376 3298 ,
422 3201 462 3280 9.
493 3202 671 3279 Indicium
702 3203 774 3278 iam
803 3205 883 3279 tum
911 3202 1034 3279 fuerat
1062 3203 1335 3280 oecumenicum
1365 3197 1569 3276 Concilium
1600 3197 1672 3272 Va·

342 3323 520 3416 ticanum,
554 3329 664 3422 atque
692 3323 737 3398 ad
779 3321 868 3398 illud
907 3323 1099 3399 convocati
1141 3323 1318 3424 cuiusque
1359 3319 1481 3421 gentis
1508 3323 1548 3392 et
1576 3315 1670 3392 ritus

342 3443 532 3545 Episcopi.
565 3441 693 3519 Adfuit
719 3447 757 3518 et
785 3443 883 3520 inter
911 3466 973 3518 eos
1015 3443 1110 3519 idem
1143 3443 1238 3518 Van,
1270 3440 1402 3515 Frater
1448 3435 1674 3513 Patriarcha

342 3564 659 3641 Chaldaeus‘cum
688 3563 858 3639 omnibus
887 3561 1004 3639 ferme
1032 3564 1089 3638 sui
1117 3563 1211 3637 ritus
1240 3545 1446 3661 Episcopis;
1477 3580 1586 3656 quem
1615 3562 1674 3630 ta·

344 3707 430 3760 men
461 3681 562 3759 brevi
590 3681 699 3758 valde
737 3685 919 3758 mutatum
948 3681 1083 3758 abillo
1125 3679 1373 3758 dolentissime
1409 3677 1619 3768 sensimus,
1651 3701 1674 3749 a

343 3829 418 3905 quo
446 3801 662 3903 iampridem
692 3799 800 3902 plura
841 3801 956 3878 Nobis
983 3801 1150 3878 exhibita
1190 3799 1340 3874 fuerant
1376 3793 1609 3875 reverentiae
1636 3799 1674 3868 et

343 3921 574 4002 obedientiae
603 3925 836 4019 argumenta.
870 3921 965 3996 Nam
993 3921 1055 3997 diu
1086 3919 1207 3996 renuit
1234 3939 1448 3993 consecrare
1482 3915 1672 4016 episcopos

345 4043 633 4147 praedictarum¹
654 4039 903 4117 Ecclesiarum
951 4040 1259 4116 Diarbekiriensis
1296 4041 1336 4112 et
1371 4035 1579 4112 Mardensis
1615 4059 1670 4108 sa·

345 4164 509 4242 cerdotes
536 4164 694 4239 Petrum
722 4163 835 4240 Alter
863 4166 900 4238 et
927 4161 1134 4240 fiabrielern
1171 4157 1309 4249 Farso,
1343 4179 1433 4256 quos
1477 4154 1575 4228 inter
1617 4175 1677 4228 ce-

345 4289 446 4360 teros
474 4283 521 4359 ab
549 4305 593 4358 eo
624 4281 835 4382 propositos
859 4281 1102 4382 elegeramus,
1128 4279 1321 4378 assignata
1340 4273 1538 4373 unicuique
1566 4297 1676 4372 quam

347 4404 409 4479 ille
438 4403 618 4478 maluerat
644 4401 825 4478 lilcclesia.
858 4401 997 4476 Deinde
1025 4423 1107 4474 cum
1136 4423 1183 4473 ex
1212 4397 1315 4478 Urbe
1352 4399 1449 4469 esset
1490 4391 1677 4468 discessu-

349 4547 425 4615 rnS,
460 4521 640 4623 postulari
667 4521 714 4596 ab
743 4544 786 4596 eo
816 4519 993 4596 iussimus
1021 4517 1305 4594 declarationem
1334 4511 1567 4589 adhaesionis
1596 4513 1678 4588 ani—
