3622 5240
690 241 829 290 uuisioni
856 239 1015 288 lucrosum

586 365 806 446 Venerabili
833 365 972 441 Fratri
1001 362 1160 466 Ioseplco

428 485 690 566 Potrr'arclcaa
717 485 1002 584 Babyloniacas-i
1034 480 1319 558 Chaldaeorum

705 661 821 742 PIUS
852 661 932 736 ΡΡ.
965 659 1031 736 ΙΧ.

297 841 385 916 Vea.
420 841 562 916 Frater
590 837 755 916 sulutem
783 845 824 944 et
846 834 1108 937 Apostolicam
1136 833 1450 909 benedictionem.

294 1049 354 1125 13.
389 1046 580 1124 «Gratias
608 1069 717 1146 agere
739 1046 914 1122 bonorum
945 1044 1111 1120 omnium
1140 1045 1313 1122 debemus
1342 1048 1529 1140 ductori,

198 1171 268 1272 qui
299 1169 396 1270 quod
425 1165 581 1244 assiduis
610 1167 778 1265 precibus
807 1189 962 1241 exorure
990 1188 1064 1240 non
1093 1165 1297 1246 omisimus.
1321 1167 1355 1242 id
1377 1170 1535 1268 benigne

200 1289 407 1365 concedere
434 1288 609 1390 diguatus
638 1289 717 1375 est,
752 1284 805 1360 uti
836 1307 900 1386 per
927 1291 1011 1360 tuas
1038 1283 1186 1359 litteras
1213 1287 1270 1360 die
1298 1287 1423 1366 XXlX
1454 1290 1534 1367 lolii

202 1409 321 1486 huius
350 1407 440 1484 anni
468 1407 585 1498 dates,
618 1406 662 1482 de
689 1409 778 1482 tuae
805 1404 1011 1482 devotionis
1052 1404 1186 1505 pietate
1227 1409 1431 1508 gaudentes
1476 1433 1536 1484 eo-

201 1530 419 1631 gnovimus.
451 1525 638 1628 Siquidem
667 1533 794 1626 aperte
822 1524 1029 1602 declarasti.
1057 1525 1255 1602 adhaerere
1282 1529 1335 1604 'le
1368 1531 1531 1612 Decretis

203 1663 238 1725 et
291 1647 630 1726 constitutionibus
668 1645 771 1722 Sacri
814 1643 971 1722 Concilii
1006 1645 1199 1732 Vaticani,
1233 1653 1270 1722 et
1317 1655 1534 1750 praesertim

202 1769 438 1866 dagal-(dice
478 1765 686 1842 definitioni
717 1767 761 1840 de
794 1765 951 1842 Romani
981 1763 1172 1840 Pontificis
1200 1763 1389 1844 infallibili
1418 1773 1538 1875 magi-

204 1892 324 1966 sterio
350 1888 389 1965 in
420 1891 528 1964 rebus
556 1885 638 1964 lidei
667 1903 705 1964 et
733 1910 888 1976 morum,
922 1911 1018 1986 quae
1047 1887 1146 1962 edita
1174 1885 1246 1964 fuit
1274 1890 1314 1966 in
1348 1892 1398 1966 lV
1428 1894 1535 1972 eius-

203 2015 292 2089 dem
332 2007 488 2092 Ooncilii
535 2009 712 2084 sessione.
745 2007 794 2084 Et
821 2007 1072 2108 gratissimum
1116 2007 1228 2084 Nobis
1270 2010 1405 2088 accidit
1434 2039 1457 2090 a
1485 2017 1537 2092 Te

204 2135 291 2235 ipso
320 2129 495 2232 accipere,
529 2130 624 2229 quod
667 2127 900 2228 Apostolieae
928 2125 1015 2202 huic
1043 2125 1127 2206 Sedi
1157 2129 1204 2202 ab
1232 2127 1395 2208 infantia
1423 2135 1535 2210 devo-

204 2258 283 2341 tus,
318 2252 375 2326 his
403 2251 573 2326 comibus
602 2248 759 2324 firmiter
787 2273 830 2324 ac
856 2271 1003 2348 seraper
1031 2246 1252 2336 adhaeseris,
1278 2274 1373 2349 quae
1401 2257 1534 2330 sancta

204 2369 374 2448 Ecclesia
419 2371 591 2449 Romana
635 2369 741 2446 docet
783 2392 825 2444 ac
864 2366 1074 2469 praeeipit;
1104 2372 1143 2443 et
1179 2372 1406 2468 propterea,
1439 2397 1539 2473 quae

204 2492 318 2568 modo
346 2491 391 2566 ad
419 2487 575 2564 salutem
604 2509 668 2564 ore
696 2484 886 2563 confessus
913 2510 978 2579 es,
1012 2487 1086 2562 iam
1123 2491 1232 2564 antee
1273 2489 1380 2564 corde
1420 2496 1536 2569 credi·

205 2609 309 2686 disse
337 2609 382 2683 ad
412 2605 611 2682 iustitiam.

295 2755 313 2798 ι
347 2727 473 2824 Neque
520 2723 682 2824 prolecto
725 2722 832 2798 aliter
873 2721 955 2798 lieri
997 2723 1204 2822 potuisset,
1238 2729 1535 2828 quandoquidem

204 2845 304 2924 nihil
334 2845 390 2920 est
418 2840 646 2918 ruanifestius
676 2844 713 2918 in
743 2840 860 2918 sacris
887 2840 1020 2918 litteris
1040 2851 1076 2917 et
1096 2845 1357 2920 insecutorum
1382 2851 1534 2926 Patruus

206 2965 389 3065 scriptis,
420 2964 457 3039 in
488 2964 604 3066 gestis
645 2963 963 3040 oeciimenimrum
1005 2962 1256 3042 Consiliorum
1287 2973 1326 3040 et
1357 2970 1393 3043 in
1423 2971 1539 3045 sacris

207 3081 438 3174 canonibus,
460 3106 569 3182 quam
601 3105 645 3158 ea
671 3105 767 3182 quae
795 3081 838 3156 de
865 3105 1038 3181 suprema
1057 3081 1219 3158 Romani
1248 3085 1442 3161 penufius
1473 3113 1537 3190 po-

208 3203 346 3280 testate
386 3199 672 3278 Oecumenioum
717 3197 921 3276 Concilium
966 3200 1190 3276 Vaticanum
1227 3203 1390 3280 decrevit
1430 3213 1540 3307 atque

206 3320 383 3412 sancivit,
415 3321 627 3396 renovando
669 3329 779 3418 atque
821 3319 969 3394 uberius
1009 3319 1242 3414 declarando,
1275 3328 1386 3422 prout
1414 3350 1542 3402 recen-

207 3443 325 3518 tiores
353 3463 496 3515 errores
523 3439 782 3539 postulabant,
815 3435 1082 3514 Oeoumenicae
1124 3440 1259 3540 Synodi
1302 3441 1537 3522 Florentinae

211 3564 341 3637 eadem
369 3583 480 3661 super
508 3583 549 3635 re
576 3557 840 3648 definitionem,
866 3556 1049 3634 videlicet:
1081 3556 1283 3636 Ecclesiam
1317 3561 1537 3656 Ronlanum,

211 3679 431 3781 disponente
472 3679 659 3770 Domino,
693 3700 803 3777 super
831 3701 957 3752 omnes
986 3676 1079 3754 alias
1107 3679 1316 3754 ordinariae
1352 3687 1544 3780 potestatis

210 3801 379 3877 obtinere
406 3797 686 3901 principatum3
718 3803 755 3871 et
784 3797 878 3872 hanc
907 3797 1071 3875 Romani
1099 3799 1292 3874 pontificis
1322 3801 1534 3880 iurisdictio

210 3923 270 3996 nis
299 3923 532 4020 potestatem,
566 3941 660 4020 quae
690 3939 776 3993 vere
803 3915 1020 4017 episcopalis
1048 3925 1118 4005 est,
1150 3919 1400 3996 ironsedietam
1431 3948 1541 4013 esse;

215 4061 308 4138 erga
352 4061 462 4136 quam
500 4036 772 4136 cuiuscumque·
806 4035 903 4111 ritus
931 4040 968 4109 et
994 4036 1191 4135 dignitatis
1232 4045 1396 4138 pastores
1433 4051 1544 4142 atque

215 4155 368 4251 fideles,
399 4162 474 4234 lani
503 4178 668 4236 seorsum
697 4155 831 4255 singuli
860 4180 969 4256 quam
999 4156 1109 4234 simul
1136 4180 1285 4248 omnes,
1315 4159 1435 4236 officio
1463 4162 1544 4240 hie·

212 4277 403 4354 rarchicae
442 4275 758 4354 subordinationis
773 4271 785 4366 ‚'
801 4267 995 4378 'siccaeque
1037 4275 1266 4354 obedientiae
1306 4279 1544 4380 obstringun-

215 4409 289 4490 tur.
322 4421 395 4476 non
423 4399 540 4477 solum
569 4399 608 4476 in
637 4399 744 4475 rebus
771 4424 866 4501 quae
893 4400 937 4476 ad
968 4399 1074 4473 fidem
1104 4401 1142 4474 et
1172 4421 1302 4489 utores,
1337 4401 1541 4479 sedetiam

218 4521 260 4595 in
291 4521 334 4593 iis
363 4545 457 4620 quae
498 4520 545 4598 ad
581 4517 811 4618 disciplinam
842 4529 880 4594 et
907 4517 1075 4620 regimen
1121 4517 1306 4595 Ecclesiae
1335 4545 1399 4620 per
1426 4527 1544 4598 totum
