3670 5222
702 265 889 314 cimicum.
922 305 923 308 ,
1402 239 1469 310 lto

151 364 223 441 fata
241 367 348 465 signa
362 365 415 440 ila
429 363 596 466 praecisa
614 369 671 440 est
691 368 733 438 ut
752 363 834 439 aliis
854 361 1094 462 indulgentiis
1109 361 1270 463 gaudere
1283 364 1474 461 nequeant

149 510 232 560 suae
276 483 587 563 Confraternitati
626 483 818 574 concessis,
861 484 933 560 nisi
972 483 1008 559 id
1045 482 1204 582 egerint.
1236 481 1470 582 Principium

148 603 319 678 eiusmodi
338 601 578 690 sanctionem,
600 603 682 678 aliis
701 601 859 680 omissis.
882 599 995 679 ctiam
1013 602 1081 676 sub
1100 601 1158 678 die
1183 599 1231 676 12
1251 599 1344 676 febr.
1375 595 1475 674 1840

146 749 167 798 a
192 718 231 800 S.
264 721 309 798 C.
333 722 650 825 indulgentiarum
672 722 834 797 obtinuit
854 746 934 798 cum
958 721 1158 822 respondit:
1189 751 1206 790 ι
1241 719 1363 796 Passa
1378 720 1474 818 fido-

146 847 198 920 lcs
231 843 560 942 Confrotcrnitati
591 848 698 918 socri
730 844 961 945 Scapulae-ts
994 842 1144 918 addicti
1171 845 1263 942 frui
1296 839 1475 916 canoribus
1584 930 1587 939 Ι

146 965 404 1065 indulpcntv'is
430 965 667 1067 penerulz'lcr
687 963 903 1040 asumma
923 961 1179 1062 Pontificibus
1199 967 1386 1036 concessis

144 1085 747 1160 commenmendationes
775 1089 1041 1186 praescriptos
1068 1091 1101 1156 ct
1127 1091 1326 1186 peroptant
1357 1105 1474 1186 opera

144 1231 167 1276 a.
197 1203 273 1281 SS.
297 1203 551 1304 Pontificibus
582 1210 624 1280 in
645 1207 881 1279 concessione
910 1203 1136 1280 carumdem
1163 1207 1336 1276 iniuncto
1366 1207 1475 1276 inter

144 1324 362 1424 quasillud
389 1324 515 1400 locum
541 1322 665 1406 nocet,
698 1332 739 1396 nt
757 1347 932 1424 paruum
959 1321 1164 1426 scapulare
1191 1319 1368 1421 deferant
1386 1343 1475 1394 con·

143 1451 254 1520 tenuo
276 1445 451 1548 pendens
479 1469 502 1514 o
531 1443 627 1518 collo
656 1451 723 1516 etc.

224 1561 325 1672 Ergo
352 1569 407 1644 ait
434 1567 646 1658 Consultor,
671 1563 768 1642 ferre
787 1565 981 1667 scapulare
1018 1589 1110 1669 opus
1147 1566 1201 1643 ita
1220 1565 1470 1642 necessarium

143 1699 212 1780 est,
239 1697 280 1764 ut
306 1688 346 1764 ni
375 1689 408 1763 id
431 1688 577 1790 egerint
603 1685 737 1762 fratres
764 1687 939 1786 consequi
961 1691 1145 1786 nequeant
1164 1684 1358 1785 nequidem
1378 1685 1472 1762 alias

144 1804 403 1910 Indulgentias
432 1805 567 1881 eisdem
597 1827 789 1879 concessas
815 1827 883 1904 pro
901 1803 973 1880 alis
1001 1804 1072 1905 piis
1102 1803 1286 1905 operibus,

227 1925 389 2002 Dubium
410 1925 630 2026 aggrediens
674 1927 850 2024 quartum
878 1919 1078 2000 Consultor
1104 1923 1249 1998 notavit
1276 1922 1473 2000 Oratorem

148 2069 295 2122 errasse
314 2069 396 2122 cum
425 2045 556 2121 citavit
575 2041 824 2120 Summanum
846 2041 907 2119 Pii
936 2043 988 2120 IX
1017 2049 1055 2120 et
1081 2067 1195 2143 quum
1224 2043 1381 2120 incisum
1409 2065 1475 2119 ex-

144 2179 311 2283 plicaret,
335 2179 399 2282 qui
418 2178 547 2256 citatio
567 2201 668 2254 mera
686 2186 755 2270 est,
779 2199 852 2252 non
871 2175 1070 2254 affirmatio
1091 2175 1148 2253 vel
1169 2177 1333 2255 exclusio
1352 2177 1476 2280 impli-

147 2299 233 2377 cita.

225 2419 282 2496 De
300 2417 410 2495 dubio
430 2417 561 2519 quinto
579 2416 734 2518 loquens
753 2417 949 2496 Oonsultor
969 2417 1037 2506 ait;
1058 2415 1198 2494 clarum
1213 2441 1293 2494 esse
1309 2419 1377 2493 sub
1392 2441 1475 2493 ver·

149 2539 194 2615 bo
220 2543 431 2615 servientes
458 2537 718 2639 comprehendi
748 2543 826 2614 tum
854 2536 1023 2614 servituti
1056 2537 1202 2621 addicti.
1229 2542 1307 2614 tum
1328 2537 1473 2634 famuli3

147 2663 187 2734 et
215 2665 293 2734 tum
322 2682 368 2734 ex
395 2659 580 2735 communi
610 2681 677 2732 usu
707 2657 891 2760 loquendi,
922 2660 1002 2732 tum
1033 2683 1080 2732 ex
1109 2659 1216 2759 praxi
1246 2657 1382 2736 forensi
1407 2661 1475 2737 sub

148 2778 217 2853 hoc
246 2777 358 2854 verbo
385 2775 643 2876 comprehendi
680 2777 793 2852 etiam
832 2775 1010 2852 militares
1047 2786 1187 2852 certum
1226 2803 1320 2854 esse.
1365 2779 1476 2856 Ratio

148 2903 269 2972 autem
299 2918 374 2995 qua
401 2893 576 2972 SistusV
606 2895 645 2969 iu
673 2893 801 2987 Brevi,
832 2919 854 2968 a
882 2893 1092 2972 Summano
1121 2895 1181 2972 Pii
1208 2895 1262 2973 IX
1303 2897 1471 2994 adducto,

147 3014 392 3092 commutavit
420 3011 672 3090 visitationem
702 3013 746 3090 ad
765 3012 954 3114 Capellam
979 3014 1145 3104 Rosarii,
1169 3021 1206 3090 ct
1224 3017 1474 3094 interventum

148 3137 194 3213 ad
222 3134 473 3236 processiones
501 3134 539 3210 in
568 3133 754 3235 aliquibus
782 3131 889 3209 festis
917 3157 982 3234 pro
1001 3132 1248 3212 confratribus
1268 3135 1331 3236 qui
1351 3145 1476 3212 essent

150 3259 186 3331 in
214 3255 369 3349 itinere,
398 3262 464 3331 aut
492 3253 531 3330 in
562 3254 668 3346 mari,
703 3254 782 3330 sive
814 3255 1032 3349 servienteS,
1069 3258 1194 3332 eadem
1233 3257 1333 3333 valet
1364 3258 1475 3333 etiam

148 3398 214 3476 pro
252 3374 486 3452 militaribus.
519 3373 604 3450 Istis
632 3375 729 3450 enim
764 3371 978 3474 perdifficile
1006 3399 1085 3450 esse
1112 3380 1235 3476 potest
1261 3380 1368 3452 actus
1396 3400 1476 3479 per·

148 3495 257 3573 ficere
283 3494 380 3587 illos,
412 3496 458 3572 ob
485 3493 678 3572 servitium
707 3493 767 3569 cui
795 3492 1023 3595 obligantur.

228 3616 283 3692 De
310 3621 415 3691 sexto
442 3613 553 3690 dubio
581 3639 783 3690 sermonem
806 3613 945 3689 faciens
965 3613 1165 3692 Oonsultor
1194 3617 1339 3692 censuit
1366 3616 1474 3693 intel·

150 3733 337 3836 ligandum
365 3756 446 3809 esse
472 3733 517 3808 do
544 3734 656 3809 tertia
686 3733 836 3812 Rosarii
867 3740 987 3834 parte3
1022 3758 1108 3808 uam
1144 3733 1348 3837 Gregorius
1389 3735 1477 3812 XIll

151 3855 186 3929 in
214 3853 462 3944 concessione,
496 3855 541 3929 de
576 3878 649 3955 qua
687 3853 855 3954 loquitur
894 3853 974 3930 Pii‘
995 3851 1049 3929 IX
1088 3853 1347 3946 summarium,
1386 3857 1476 3934 dicit

150 3973 369 4051 Rosarium
394 3974 453 4050 vel
480 3997 677 4052 coronam:
709 3981 767 4049 ast
798 3973 866 4049 sub
904 3971 1052 4049 nomine
1080 3997 1236 4050 coronae
1264 3973 1478 4078 intilligitur

152 4103 265 4170 tertia
286 4117 402 4196 pars.

229 4213 288 4291 Ad
329 4213 527 4315 septimum
565 4217 740 4291 accedens
775 4215 925 4292 dubium
962 4215 1159 4294 consultor
1187 4215 1354 4293 edisserit
1397 4215 1465 4292 sibi

151 4331 364 4411 indifferens
397 4333 511 4410 videri
540 4361 586 4410 an
622 4335 817 4411 adiicietur
846 4359 914 4410 nec
948 4359 992 4409 ne
1023 4335 1202 4413 formulae
1231 4335 1476 4412 absolutionis

153 4479 283 4534 nomen
311 4455 350 4533 S.
383 4453 443 4532 Pii
474 4459 523 4534 V.
556 4459 650 4534 Nam
683 4459 754 4533 iste
787 4458 965 4536 Pontifex
997 4457 1262 4562 indulgentiam
1296 4461 1476 4538 concessit

210 4573 281 4624 Acca
296 4571 368 4624 aaa
382 4569 498 4637 ΚΛΜ.
513 4570 590 4627 ΟΠ.
1145 4609 1149 4618 -
1381 4580 1413 4630 to
