3622 5232
342 235 404 310 lot.
943 258 1111 315 utorurro

339 362 402 462 qui
432 363 477 440 ad
506 361 583 438 Nos
611 367 861 458 accesserunt,
882 363 936 442 ita
953 366 1064 442 etiam
1086 365 1284 466 unicuique
1305 362 1482 442 Vestrum
1500 391 1523 442 a
1542 359 1675 466 quibus

340 483 475 560 amoris
504 483 715 559 testimonia
743 484 963 586 accepimus,
995 485 1199 588 gratissimi
1229 485 1339 562 animi
1382 486 1506 562 Nostri
1546 510 1675 562 sensus

339 607 543 695 declarare3
574 607 637 684 sed
665 633 748 684 cum
777 606 813 685 id
831 609 1021 710 operosius
1041 613 1079 686 et
1100 607 1216 684 maius
1234 633 1313 686 esse
1333 610 1537 700 videamus,
1561 635 1676 712 quam

341 731 384 804 ut
412 727 619 804 litterarum
650 727 855 804 ministerio
884 732 1063 830 praestari
1083 727 1212 830 possit,
1237 754 1351 831 grave
1379 729 1494 806 Vobis
1515 755 1587 805 non
1608 733 1673 823 sit,

339 851 381 924 ut
407 846 713 948 quemadmodum
744 872 859 925 unum
879 845 952 924 luit
969 848 1133 925 omnium
1156 851 1329 925 Vestrum
1351 873 1426 940 cor,
1450 849 1575 925 anima
1600 875 1677 927 una

339 967 378 1044 in
406 966 591 1068 obsequiis
620 965 736 1042 Nobis
764 965 985 1062 deferendis,
1019 969 1073 1045 ita
1100 967 1213 1045 etiam
1243 993 1319 1052 una
1347 968 1394 1043 sit
1421 968 1555 1059 oratio,
1597 996 1674 1073 qua

338 1087 425 1172 dum
453 1087 646 1162 universos
676 1086 817 1188 publice
846 1086 1081 1188 alloquimur,
1113 1112 1202 1188 erga
1231 1086 1395 1190 singulos
1417 1087 1590 1190 privatim
1618 1089 1677 1166 in-

338 1211 522 1297 tendimus
550 1211 646 1312 grati
677 1213 790 1288 animi
828 1211 950 1288 Nostri
988 1210 1109 1290 officio
1147 1211 1330 1314 perfungi.
1373 1212 1489 1290 Vobis
1528 1212 1667 1314 itaque,

339 1326 579 1405 Venerabiles
608 1327 756 1403 Fratres
783 1331 821 1404 et
852 1327 983 1406 Dilecti
1012 1327 1111 1422 Filii,
1149 1351 1287 1404 corona
1314 1352 1394 1406 mea
1430 1329 1529 1405 sicut
1566 1329 1672 1431 Apo-

339 1445 455 1523 stolus
483 1447 548 1532 ait,
581 1451 618 1522 et
644 1447 819 1548 gaudium
849 1473 983 1538 meum,
1015 1447 1224 1550 singulares
1252 1449 1393 1550 gratias
1420 1453 1459 1524 et
1494 1448 1674 1526 babemus

339 1567 378 1667 pt
405 1562 562 1662 agimus,
596 1587 640 1640 eo
668 1561 800 1638 affectu
831 1573 867 1640 et
895 1589 1005 1642 sensu
1034 1566 1096 1668 qui
1129 1565 1259 1641 melius
1287 1563 1507 1664 intelligitur
1526 1567 1571 1640 ab
1593 1566 1675 1640 ani·

340 1681 411 1760 mis
439 1680 617 1771 fidelibus,
651 1705 761 1781 quam
790 1683 913 1758 verbis
941 1682 1098 1786 exprimi
1127 1688 1167 1760 et
1194 1681 1343 1782 aequari
1368 1683 1492 1782 possit.
1518 1683 1595 1758 Vos
1619 1683 1676 1758 fe·

339 1800 442 1876 cistis
470 1805 512 1877 ut
538 1799 677 1876 luceret
706 1800 767 1876 lux
803 1803 938 1879 Vestra
969 1827 1092 1880 coram
1121 1801 1342 1894 hominibus,
1380 1804 1454 1877 Vos
1489 1801 1676 1904 glorifica·

339 1921 409 1996 stis
439 1924 553 1998 Deum
583 1922 621 1997 et
648 1919 864 2014 Ecclesiam,
899 1923 975 1998 Vos
1004 1923 1048 2000 de
1080 1922 1317 1998 immaculata
1350 1921 1491 2002 Christi
1530 1922 1676 2024 Sponsa

340 2066 383 2118 ac
412 2023 548 2122 Christi
573 2041 610 2116 in
630 2041 739 2116 terris
760 2042 910 2118 Vicario
929 2042 1065 2142 optime
1085 2042 1286 2135 meruistis,
1309 2065 1352 2118 ac
1371 2043 1432 2141 pia
1450 2041 1675 2118 liberalitate

341 2164 555 2238 thesaurum
588 2161 701 2236 Vobis
720 2161 860 2236 fecistis
879 2187 952 2238 non
972 2161 1201 2239 deficientem
1221 2161 1395 2250 incaelo,
1418 2162 1479 2236 ubi
1500 2185 1586 2238 eum
1606 2185 1676 2238 nec

339 2308 478 2382 aerugo
506 2287 722 2384 corrumpit,
755 2309 822 2361 neo
850 2288 952 2362 tinea
980 2286 1189 2364 demolitur.

418 2406 549 2496 Quoad
578 2407 654 2482 Nos
682 2413 808 2483 autem
836 2408 1046 2486 dilectionis
1076 2409 1234 2486 Vestrae
1265 2408 1440 2484 memoria
1468 2433 1514 2484 ex
1549 2408 1677 2486 animo

341 2529 476 2609 Nostro
503 2551 577 2603 non
607 2527 765 2621 excidet,
796 2527 909 2602 immo
939 2528 1122 2604 Ecclesiae
1142 2527 1247 2604 lastis
1267 2529 1521 2604 commendata
1542 2529 1586 2604 ad
1610 2552 1678 2603 ex-

340 2648 497 2752 emplum
525 2649 637 2723 etiam
667 2647 956 2726 aedificationem
986 2656 1023 2723 et
1044 2647 1280 2748 praeconium
1302 2655 1530 2749 posterorum
1558 2647 1680 2726 dima-

340 2768 454 2859 nabit,
488 2791 554 2842 nec
581 2768 778 2868 quidquam
811 2793 989 2868 umquam
1017 2771 1087 2844 erit
1109 2765 1223 2842 Nobis
1243 2767 1445 2868 antiquius
1469 2793 1579 2868 quam
1602 2767 1678 2843 Pa·

340 2894 481 2963 storum
510 2885 720 2986 Principem
749 2889 962 2962 constanter
989 2910 1132 2988 rogare,
1167 2891 1207 2962 ut
1228 2886 1354 2976 Vobis,
1378 2885 1441 2986 qni
1464 2887 1677 2962 seminastis

342 3007 379 3081 in
409 3005 726 3084 benedictionibus
760 3005 805 3080 de
841 3005 1155 3082 benedictionibus
1191 3013 1229 3080 et
1268 3007 1406 3080 metere
1444 3006 1678 3080 abundanter

342 3127 539 3226 largiatur.

421 3233 470 3307 At
503 3255 600 3310 nuno
636 3232 706 3308 hac
742 3236 846 3332 parte
884 3228 1063 3308 sermonis
1100 3231 1228 3308 Nostri
1266 3228 1563 3332 praetermittere
1602 3250 1677 3302 non

341 3375 548 3454 possumus,
580 3354 670 3454 quin
702 3353 747 3428 ad
786 3376 910 3426 veram
951 3353 1023 3425 vim
1061 3361 1098 3426 et
1134 3348 1444 3450 significationem
1484 3355 1674 3422 tantarum

342 3496 478 3562 rerum,
505 3475 663 3546 mentem
685 3473 855 3546 Nostram
876 3469 1118 3547 conferamus.
1141 3469 1325 3559 Quidnam
1345 3467 1444 3544 enim
1464 3473 1592 3542 tantus
1613 3463 1677 3540 Fi-

340 3591 472 3666 delium
502 3592 622 3682 ardor,
656 3594 762 3666 tanta
790 3589 962 3666 alacritas
982 3597 1018 3665 et
1037 3591 1259 3680 constantia,
1283 3594 1411 3665 tantus
1431 3609 1556 3661 eorum
1587 3609 1677 3662 con·

346 3735 476 3786 sensus
508 3711 544 3786 in
573 3711 779 3785 communis
813 3703 935 3786 Patris
963 3711 1226 3786 acerbitatibus
1254 3705 1505 3797 sublevandis,
1536 3704 1575 3781 in
1604 3705 1678 3782 hac

345 3828 558 3930 Apostolica
586 3827 677 3906 Sede
706 3830 783 3904 suis
812 3829 983 3904 subsidiis
1011 3830 1172 3906 iuranda
1200 3829 1352 3929 eiusque
1380 3850 1491 3903 causa
1517 3827 1671 3918 tuenda,

342 3951 379 4024 in
408 3949 640 4051 deplorandis
670 3947 812 4024 iniuriis
840 3973 935 4050 quae
962 3973 1042 4023 eam
1073 3945 1260 4050 affligunt,
1291 3953 1327 4022 et
1355 3945 1481 4021 divina
1504 3943 1678 4022 Clemen-

341 4069 396 4144 tia
434 4067 687 4169 imploranda,
733 4067 773 4143 in
807 4069 963 4145 assiduis
1001 4069 1360 4168 peregrinationibus
1402 4065 1671 4165 suscipiendiS,

341 4188 516 4288 quidnam
556 4185 762 4284 huiusmodi
804 4187 925 4265 studia
953 4199 984 4262 el
1018 4211 1090 4263 aon
1131 4187 1364 4262 intermissae
1405 4183 1678 4261 sollicitudines

342 4308 555 4392 ostendunt,
587 4309 674 4408 quid
709 4310 843 4384 mundo
872 4309 1046 4400 innuunt,
1079 4309 1168 4410 quid
1197 4311 1378 4408 spectant,
1412 4305 1498 4405 quid
1528 4302 1677 4403 assequi

341 4423 599 4501 mmmmm?

336 4524 341 4548 ¹
421 4544 522 4624 Haec
561 4543 754 4632 manifeste
791 4546 1070 4650 luculenterque
1107 4547 1366 4622 demonstrant
1394 4549 1505 4652 atque
1545 4543 1680 4622 confir-
