3670 5222
345 205 405 274 ¹76
515 289 517 296 ,
806 231 889 281 cram
915 231 1090 282 rarornouu
1115 233 1205 283 secur

338 326 492 403 necent.
525 339 613 404 lom.
647 327 676 405 3
704 330 804 407 Rota
833 331 909 406 dec.
941 329 1031 408 565
1059 355 1099 404 a.
1131 329 1162 408 2
1191 331 1342 431 ideoque
1367 331 1677 434 patrimoniorum

291 437 293 440 ’
338 447 554 523 constitutio
582 447 680 526 haud
707 450 863 552 amplius
891 451 929 526 in
958 476 1025 527 suo
1054 451 1185 527 robore
1212 450 1383 528 consistit

419 565 573 667 Insuper
600 591 645 642 ex
674 568 870 669 praelecti-s
898 569 1021 671 coligi
1049 573 1171 673 potest
1204 569 1472 674 praesbyteros
1509 572 1679 648 amisisse

337 683 446 760 etiam
467 687 646 762 actionem
669 689 912 791 personalem.
936 691 1124 790 Siquidem
1144 695 1297 796 quaevis
1317 695 1427 783 actio,
1453 697 1537 794 post
1553 691 1679 768 extin-

338 813 434 881 ctam
463 807 739 908 obligationem,
780 810 924 910 penitus
961 812 1115 903 corruit3
1153 812 1243 914 quia
1280 817 1398 890 mater
1436 813 1592 890 actionis
1621 817 1679 887 est

337 923 528 1028 obligatio
556 927 670 1002 Porro
690 927 865 1028 obligatio
885 931 1049 1017 evanuit,
1073 933 1159 1010 dum
1180 956 1309 1008 omnes
1327 937 1366 1008 et
1384 929 1523 1034 singuli
1550 931 1680 1007 Sacer-

338 1044 442 1120 dotes
475 1067 537 1120 seu
578 1045 769 1138 beneficia,
812 1071 876 1123 seu
914 1049 1157 1148 patrimonio,
1197 1075 1262 1126 seu
1300 1073 1464 1151 congrua
1495 1056 1679 1127 sustenta·

338 1157 438 1236 tione
467 1161 640 1240 instructi
670 1165 740 1240 iam
770 1173 872 1258 sunt,
903 1166 1058 1267 ideoque
1087 1169 1241 1268 ipsamet
1269 1167 1367 1246 actio
1405 1169 1443 1246 in
1481 1193 1678 1271 personam

338 1282 485 1374 deleeit;
516 1309 605 1385 ergo
632 1311 738 1361 sacra
766 1287 989 1387 patrimonia
1016 1292 1179 1366 extincta
1207 1291 1307 1367 sunt.

417 1403 476 1480 ni
503 1427 599 1490 oum
628 1419 796 1482 ruuouur
816 1427 933 1482 sacua
953 1431 1182 1485 rararuoum
1203 1431 1327 1486 annuo
1347 1434 1542 1490 axrsruua.
1565 1409 1681 1486 Sacra

338 1523 432 1625 patri
440 1523 564 1599 monia
583 1528 685 1603 sarta
703 1529 874 1625 tectaque
894 1530 1075 1604 censenda
1092 1533 1191 1620 sunt,
1211 1532 1356 1629 quoties
1370 1531 1550 1606 creditum
1565 1537 1677 1631 atque

338 1640 546 1743 hypotheca
575 1645 762 1735 subsistit3
793 1647 836 1722 de
865 1647 1002 1724 credito
1030 1672 1148 1750 neque
1175 1649 1337 1727 dubitari
1367 1650 1473 1739 licet3
1504 1649 1593 1750 quia
1620 1650 1680 1724 in-

338 1769 584 1842 strumentum
613 1795 635 1841 a
664 1766 806 1866 publico
826 1768 1023 1844 'tabulario
1041 1767 1245 1845 confectum
1266 1770 1338 1847 hac
1360 1771 1395 1846 in
1418 1796 1530 1848 causa
1549 1768 1679 1847 claris·

338 1882 427 1960 sime
455 1883 489 1958 id
517 1883 667 1960 evincit.
694 1884 964 1986 Negligentiam
985 1894 1106 1964 autem
1128 1887 1169 1964 in
1188 1890 1427 1966 renovatione
1447 1887 1680 1991 hypothecae

339 2003 410 2082 iuri
440 2003 529 2081 reali
559 2003 693 2082 lethale
724 2005 855 2082 vulnus
881 2008 979 2085 band
1009 2005 1175 2108 infligere
1205 2009 1369 2110 potuisse
1399 2011 1556 2086 videtur.
1580 2007 1679 2086 Nam

338 2123 403 2226 qui
433 2125 637 2226 praefatam
668 2127 942 2204 renovationem
972 2127 1140 2231 negligit,
1172 2129 1350 2230 temporis
1378 2130 1678 2230 praerogativam

339 2243 490 2334 arrrittit,
522 2246 611 2348 quia
638 2273 682 2323 ex
712 2247 977 2324 recentioribus
1004 2249 1146 2350 legibus
1173 2247 1237 2324 ille
1265 2257 1321 2324 est
1362 2249 1479 2349 potior
1515 2249 1556 2326 in
1596 2250 1678 2327 iure

340 2369 400 2460 cui
431 2375 487 2444 est
516 2367 615 2470 prior
635 2369 672 2442 in
693 2367 947 2468 inscriptione.
971 2368 1116 2444 Etenim
1138 2393 1295 2468 aequum
1315 2371 1374 2445 est
1394 2367 1579 2444 meliorem
1599 2393 1681 2446 esse

340 2492 411 2569 bac
440 2476 545 2591 parte
570 2488 817 2564 conditionem
846 2487 1091 2588 diligentioris
1119 2489 1323 2574 creditoris,
1349 2489 1406 2564 cui
1428 2487 1532 2564 licuit
1551 2488 1682 2589 vigila·

341 2625 380 2688 1'e
399 2613 443 2688 ad
463 2635 568 2686 suom
590 2610 886 2710 consequendum
908 2610 956 2688 L.
971 2610 1154 2713 pupillus
1172 2609 1232 2686 24
1248 2612 1294 2712 ff.
1317 2635 1414 2714 quoa
1435 2616 1479 2684 in
1494 2610 1683 2710 fraudem

262 2726 268 2738 '
342 2734 557 2808 creditoris.
590 2729 699 2809 Unde
728 2728 890 2805 solemne
918 2729 956 2804 in
984 2728 1064 2804 iure
1084 2743 1141 2804 est
1163 2731 1397 2832 principium,
1422 2731 1682 2834 vigilantibus

342 2859 434 2927 iuro
462 2851 709 2930 subveniunt,
740 2847 787 2924 L.
811 2873 889 2924 non
916 2854 1021 2924 enim
1053 2849 1108 2924 16
1133 2850 1177 2952 ff.
1211 2876 1259 2924 em
1286 2850 1390 2952 quib.
1424 2873 1531 2928 cauo.
1554 2856 1682 2925 maior

341 2971 388 3048 L.
412 2977 447 3044 εἰ
461 2975 506 3045 ia
525 2975 609 3043 turc
628 2967 689 3047 20
709 2969 747 3065 ἓ.
771 2969 837 3043 boc
857 2973 915 3042 til.
938 2965 1029 3044 Cum
1051 2969 1176 3070 itaque
1197 2970 1409 3046 Sacerdotes
1428 2968 1682 3070 inscriptionis

340 3091 627 3196 hypothecariae
665 3088 937 3166 renovationem
977 3087 1224 3190 neglexerint,
1257 3090 1422 3190 sequitur
1450 3087 1540 3190 ipsis
1577 3095 1682 3164 ante-

339 3212 520 3290 rioritatis
550 3210 727 3286 iacturam
757 3209 962 3296 obvenisse,
994 3231 1069 3283 non
1098 3215 1221 3283 autem
1251 3207 1484 3311 hypothecae
1510 3204 1683 3285 delectio·

339 3358 438 3410 nem.
470 3328 728 3409 Necessarium
757 3327 855 3405 enim
890 3335 947 3404 est
975 3329 1019 3402 ad
1049 3327 1293 3430 hypothecam
1322 3326 1512 3404 delendam
1545 3327 1682 3430 prinei-

339 3480 421 3557 pem
452 3451 711 3552 obligationem
740 3449 784 3526 de
815 3448 931 3523 medio
951 3447 1044 3538 tolli,
1069 3449 1155 3548 quia
1175 3447 1383 3549 hypotheca
1404 3460 1460 3522 est.
1479 3443 1683 3524 accessoria

339 3573 554 3678 principalis
580 3569 816 3671 obligationis
846 3568 967 3645 Alciat
996 3576 1038 3644 in
1056 3569 1103 3646 L.
1120 3569 1247 3672 plebs.
1277 3563 1365 3646 237
1396 3569 1435 3665 ἓ.
1461 3572 1615 3670 pignus
1640 3572 1682 3638 ia

338 3721 437 3773 ocare.
469 3701 551 3771 stoc
574 3693 621 3795 ff.
653 3693 699 3767 dc
727 3689 827 3764 verb.
860 3690 1026 3793 sc'pntfic.
1059 3688 1291 3789 Quapropter
1312 3685 1394 3763 Bal.
1419 3687 1458 3762 in
1478 3685 1524 3764 L.
1550 3709 1683 3760 enecu-

339 3827 460 3894 torcm
486 3815 515 3890 8
544 3840 584 3888 a.
616 3811 639 3889 1
669 3817 712 3886 in
728 3811 798 3912 sin.
826 3811 868 3886 C.
890 3809 1098 3884 decocunt.
1123 3807 1317 3883 reticentia.
1338 3805 1543 3907 dicitquod
1564 3803 1681 3906 hypo·

337 3937 447 4012 theca
473 3937 531 4011 est
557 3933 664 4010 firma
690 3932 902 4008 contractus
929 3929 1106 4017 accessio;
1137 3928 1292 4027 ideoque
1320 3950 1433 4028 quum
1460 3926 1498 4000 in
1543 3923 1683 4001 thema.

337 4061 374 4132 te
401 4052 520 4130 alhue
546 4051 724 4153 obligatio
752 4047 965 4151 principalis
994 4045 1113 4121 locum
1141 4043 1319 4137 obtineat,
1359 4043 1529 4145 seguitur
1564 4043 1679 4120 etiam

337 4175 431 4277 quod
459 4170 672 4276 hypotheca
699 4169 799 4245 haud
826 4166 1019 4243 exciderit.

419 4291 649 4392 Proindeque
695 4311 883 4391 perperam
937 4284 1095 4362 infertur
1140 4283 1370 4386 hypothecae
1418 4280 1597 4358 extinctio
1634 4303 1681 4356 ex

338 4412 473 4490 omissa
502 4409 774 4499 renovatione}
804 4430 916 4508 quum
960 4406 1125 4481 niaxima
1152 4404 1304 4482 intersit
1331 4400 1544 4480 differentia
1583 4401 1683 4475 inter

337 4535 580 4641 hypothecam
601 4535 641 4605 et
656 4527 883 4638 hypothecae
901 4525 1178 4627 inscriptionem
1199 4549 1264 4601 seu
1285 4521 1576 4601 renovationem.
1601 4519 1681 4624 Hy-
