3670 5222
353 460 411 596 [Χ
457 460 588 595 otto
633 453 1000 595 tottttttiblt
1047 457 1235 593 ttttltl

445 1146 736 1228 onuomonu
772 1109 1136 1230 msrnu'uoms

286 1361 346 1428 Die
367 1362 419 1424 16.
447 1360 615 1425 Decembris
639 1359 734 1423 1876.

205 1563 616 1643 concapacitatem.
648 1563 690 1640 ln
720 1561 852 1664 oppido
880 1561 1066 1640 Dioecesis
1102 1562 1152 1638 V.
1202 1561 1241 1640 S.
1286 1558 1457 1640 Ecclesia

130 1681 362 1786 paroecialis
377 1681 540 1780 exurgit,
579 1681 645 1760 SS.
678 1680 820 1760 Christi
848 1681 1080 1779 Martyribus
1112 1680 1269 1758 Nazario
1288 1704 1332 1755 ac
1349 1677 1457 1756 celso

16 1889 17 1894 Ἰ
130 1805 267 1880 dicata.
298 1801 490 1879 Parochus
518 1825 580 1876 seu
608 1799 853 1900 Praepositus
880 1800 920 1876 in
948 1802 1074 1876 eadem
1118 1799 1329 1875 instituitur
1375 1798 1457 1874 iure

129 1921 280 1999 laicali:
310 1923 407 2023 quod
435 1921 578 2021 quidem
609 1919 885 2020 iuspatronatus
912 1943 1025 2021 penos
1054 1919 1178 2020 plures
1208 1917 1369 1995 familias
1402 1943 1456 1996 re·

131 2042 249 2120 sidere
278 2041 395 2116 visum
425 2042 493 2116 est.
527 2039 604 2116 Res
633 2039 784 2142 pacifice
812 2064 928 2140 usque
957 2044 999 2115 ad
1030 2064 1168 2116 annum
1196 2036 1290 2114 1871
1309 2061 1458 2141 proces·

130 2163 222 2239 sisse
249 2159 381 2238 fertur.
413 2160 492 2236 Hoc
519 2184 608 2236 vero
635 2165 812 2261 ternpore,
837 2159 898 2236 die
925 2159 1066 2236 scilicet
1097 2158 1147 2236 14
1174 2157 1347 2236 Octobris
1366 2156 1456 2235 anni

128 2280 308 2381 praedicti
345 2279 477 2356 ultimo
505 2280 662 2355 obeunte
689 2279 860 2356 Parocho
890 2280 1042 2384 losepho
1071 2281 1124 2357 M.
1147 2278 1302 2356 ecclesia
1321 2277 1456 2354 iterum

129 2398 313 2493 vacavit3
341 2403 379 2476 et
407 2401 494 2474 vota
520 2397 558 2472 in
587 2399 729 2475 duobus
761 2398 1023 2477 Sacerdotibus
1059 2397 1219 2474 eiusdem
1268 2397 1453 2474 Diocoesis

130 2543 311 2598 conversa
336 2523 436 2595 sunt.
460 2515 638 2595 Nonnulli
658 2519 756 2594 enim
783 2519 929 2619 patroni
949 2519 1194 2595 nominarunt
1212 2518 1386 2594 loannem
1405 2516 1454 2594 G.

130 2641 190 2717 alii
220 2664 312 2720 vero
335 2639 587 2718 Alexandrum
616 2639 663 2718 G.
695 2641 1021 2718 praesentationes
1051 2639 1148 2716 ultro
1176 2639 1319 2739 excepit
1347 2637 1460 2716 Vica-

131 2762 207 2838 rius
234 2759 487 2862 Capitularis3
516 2784 645 2835 verum
685 2761 782 2838 acris
826 2762 923 2838 inter
961 2769 1137 2864 patronos
1178 2761 1346 2860 quaestio
1378 2759 1462 2861 agi·

131 2885 209 2956 tata
235 2877 313 2958 fuit
339 2881 435 2980 apud
462 2877 613 2956 Curiam
644 2877 898 2982 Episcopalem
927 2905 1037 2981 super
1064 2880 1232 2982 praefato
1252 2879 1461 2980 inrepatro·

132 3005 267 3093 natus;
298 3023 393 3101 quae
422 3003 502 3100 post
531 3023 616 3075 acre
644 3005 845 3092 certamen,
880 3001 1007 3077 favore
1035 3000 1181 3077 illorum
1211 3001 1273 3100 qui
1296 2997 1459 3074 Alexan-

133 3121 238 3194 drum
267 3117 312 3196 G.
343 3119 629 3220 praesentarunt
656 3117 840 3218 dirempta
867 3116 953 3194 luit.
985 3117 1242 3219 Appellatione
1270 3118 1331 3191 sed
1368 3137 1459 3190 vero

135 3234 370 3337 interposita,
394 3237 564 3336 quaestio
591 3237 637 3312 ad
659 3234 849 3310 Vicarium
869 3235 1083 3320 Generalem
1106 3235 1384 3335 Archiepiscopi
1406 3235 1458 3310 V.

133 3357 257 3434 delata
285 3357 385 3448 luit3
416 3359 477 3456 qui
509 3357 733 3432 senteutiam
764 3355 874 3459 primi
902 3356 1033 3432 iudicis
1061 3358 1211 3433 omnino
1240 3354 1455 3444 revocavit,

136 3487 248 3578 atque
275 3475 549 3552 institutionem
580 3476 616 3551 in
646 3475 832 3552 Beneficio
862 3477 991 3570 loanni
1015 3478 1064 3552 G.
1096 3475 1305 3552 adiucavit.'

216 3597 451 3675 Reclamavit
477 3595 689 3672 Alexander
718 3596 779 3684 G„
814 3597 911 3698 apud
938 3597 976 3674 S.
1013 3597 1056 3676 G.
1087 3594 1458 3697 Congregationem‚

136 3718 309 3793 ceddum
338 3741 450 3792 causa
475 3724 556 3792 crat
584 3717 821 3817 proponenda
848 3724 1014 3792 extremo
1057 3715 1116 3790 hic
1150 3717 1320 3791 sacerdos
1349 3736 1458 3789 occu-

139 3835 215 3910 buit
243 3834 334 3912 lato.
365 3834 494 3934 Itaque
523 3831 639 3910 altero
658 3861 704 3910 ex
731 3835 1034 3934 competitoribus
1053 3832 1211 3924 sublato,
1232 3857 1317 3908 cum
1337 3831 1458 3908 nullus

137 3979 178 4027 ex
208 3953 310 4028 illius
340 3954 507 4053 patronis
535 3953 669 4030 iudicio
697 3956 863 4030 adstaret
890 3977 1012 4029 coram
1042 3955 1079 4032 S.
1110 3951 1215 4032 (1.0.
1238 3955 1459 4052 rescriptum

136 4073 314 4149 incensa
342 4072 425 4150 fuit.
458 4085 683 4176 reportatur.
717 4072 775 4176 (l)
1070 4093 1072 4097 ·

188 4257 227 4328 (ll
247 4259 321 4322 tluid
341 4260 454 4310 verbum
469 4259 605 4310 eiusmodi
627 4275 768 4324 crepereo·
825 4257 1088 4324 congregationem,
1111 4259 1157 4310 vel
1178 4273 1223 4309 ros
1239 4258 1308 4310 talis
1323 4249 1457 4322 siliquam

139 4356 203 4397 turn
225 4351 368 4413 significet
383 4349 470 4400 habes
484 4349 545 4400 Vol.
562 4350 611 4401 IX.
631 4366 692 4413 pug.
706 4347 768 4401 stt.
825 4347 942 4398 silentio
962 4347 1117 4412 praeterire
1139 4346 1306 4411 prudentius
1326 4345 1459 4398 videatur

141 4435 197 4487 Col.
211 4438 233 4490 Ι.
247 4437 288 4488 lbi
301 4436 376 4487 enim
389 4435 494 4486 dicitur
506 4437 576 4501 quod
591 4438 616 4488 si
627 4439 657 4488 in
672 4437 770 4502 eliqua
827 4443 857 4488 ut
874 4443 969 4504 partes
983 4439 1177 4502 acquiescant;
1195 4437 1311 4489 rescribi
1325 4438 1399 4488 solet
1414 4435 1457 4487 vel

142 4525 302 4588 quaestione
326 4525 466 4576 elementa
491 4525 643 4591 deficiant,
671 4527 771 4591 quibus
826 4530 941 4590 tectumr
964 4545 1006 4580 aa.
1027 4539 1187 4591 reponatur.

144 4627 186 4664 res
198 4612 377 4666 discutienda
388 4616 505 4680 proponi
516 4615 609 4680 possit
618 4614 689 4680 apud
702 4616 729 4667 S.
740 4613 770 4670 0.

243 4710 320 4772 deta,
338 4706 407 4755 Tom.
425 4706 457 4768 Χ,
469 4707 545 4774 susc.
559 4707 635 4764 OXI.
1317 4711 1335 4752 ‘t
