3622 5232
691 269 889 319 serrassent
1392 243 1436 312 89

128 381 218 477 patet
242 373 341 452 nullia
369 399 460 473 opus
487 396 566 447 esse
594 369 840 460 absolutione,
863 365 920 442 vel
949 387 1054 440 secus
1082 362 1349 442 decernendam
1379 362 1434 440 iu-

125 497 305 588 dicabitur,
336 498 376 572 et
403 502 490 570 tune
518 489 696 570 eiusmodi
726 490 848 591 gratia
890 485 1097 562 necessaria
1143 483 1302 560 videtur.
1343 483 1436 560 liam

124 617 267 719 gratiam
297 641 378 692 esse
408 597 670 714 indulgendam
700 611 796 684 bona
823 605 914 684 fides
940 605 1085 697 suadet,
1116 627 1211 707 quae
1239 625 1285 678 ex
1313 602 1437 710 serbis

125 740 205 838 ipsis
231 735 398 812 haeredis
426 731 524 809 clare
550 731 711 808 eruitur.

191 856 326 945 Quibus
354 850 614 956 praenotatis,
646 850 720 928 dno
748 871 843 949 quae
880 851 1085 950 sequnntur
1115 841 1306 948 proposita
1335 840 1438 918 tuere

121 975 327 1054 dirimenda.

194 1333 224 1410 1.
261 1335 322 1408 An
350 1332 447 1406 dono
481 1327 730 1432 Capelianioe
757 1325 882 1402 dotem
909 1329 1181 1401 constituentia
1210 1328 1266 1399 ito
1313 1322 1437 1400 libore

118 1457 236 1554 effoeta
262 1455 442 1552 suerint„
458 1461 502 1526 nt
529 1450 610 1525 'ullo
638 1447 778 1550 absque
797 1469 911 1522 onere
937 1445 1069 1530 nendi,
1087 1445 1334 1547 alienarique
1345 1469 1438 1547 pos·

116 1581 259 1648 sintin
289 1597 382 1647 casn

189 1693 237 1770 [it
267 1702 458 1795 quatenus
486 1693 677 1792 neqotine,

186 1815 231 1891 11.
264 1817 327 1889 -An
354 1823 390 1887 et
417 1809 604 1912 quomodo
623 1813 673 1884 sit
689 1807 794 1884 torus
813 1805 1048 1882 absolutioni
1065 1829 1137 1906 pro
1155 1802 1295 1881 Missis
1314 1829 1438 1909 usque

113 1937 233 2012 addua
262 1939 421 2011 omissis
450 1939 493 2007 in
521 1933 645 2008 casu?

190 2059 420 2136 Resornrro.

189 2177 301 2255 Saura
330 2177 374 2255 O.
398 2173 558 2254 Consilii
588 2171 655 2248 snb
683 2171 742 2248 die
769 2167 794 2246 8
821 2165 905 2246 Iulii
937 2163 1070 2265 1876,
1108 2191 1221 2244 eausa
1249 2167 1433 2270 cognita,

111 2299 329 2397 respondere
359 2293 515 2370 sensuit:
540 2291 675 2368 Dilata
691 2299 725 2366 et
745 2293 1068 2365 transmittantur
1087 2296 1195 2362 actus
1213 2288 1436 2387 sundostro-

111 2422 172 2487 nis
202 2420 302 2488 anni
322 2411 454 2490 1821.
479 2411 555 2488 Sub
575 2411 633 2486 die
645 2432 732 2485 vero
751 2403 802 2486 27
822 2405 986 2484 Ianuarii
1010 2401 1111 2484 1877
1131 2406 1257 2484 eadem
1277 2406 1317 2485 S.
1340 2405 1438 2485 Gon·

110 2533 180 2607 eiiii
213 2532 351 2632 Congr.
386 2529 587 2631 respondit.

188 2653 243 2726 dd
272 2650 303 2726 1.
334 2651 484 2726 dubium
515 2649 769 2751 Affirmotioe.

187 2773 244 2846 Ad
274 2771 315 2845 11.
347 2770 498 2847 dubium
528 2767 743 2847 Provisum
772 2774 817 2843 in
836 2773 990 2870 primo.

187 2891 244 2967 Ex
274 2915 361 2966 isne
389 2909 575 2967 corinetes.

187 3013 215 3087 1.
248 3011 306 3088 Ex
335 3011 414 3086 iure
441 3033 582 3111 semper
610 3007 728 3102 innui,
762 3011 863 3113 qnod
890 3011 1032 3088 ultimo
1058 3008 1239 3088 noluntas
1266 3011 1439 3112 defuncti

107 3133 230 3206 mortis
265 3130 443 3205 ornnibus
478 3136 700 3204 corasoroari
731 3129 855 3220 detea-
883 3134 921 3207 et
953 3130 1135 3235 disponat
1169 3139 1438 3234 unnsquisque

107 3275 223 3353 super
251 3254 354 3332 suis,
374 3260 416 3322 ut
445 3247 629 3350 otiqnunr,
651 3259 683 3320 et
702 3254 755 3325 sit
784 3249 848 3325 ten
876 3254 962 3326 eius
990 3250 1217 3328 noluntas...

190 3367 229 3443 tl.
263 3369 440 3442 Attamen
469 3367 548 3442 erui
578 3389 621 3440 ex
653 3369 729 3470 loq.
755 3365 827 3444 99.
848 3369 892 3470 ff.
929 3369 975 3444 de
1002 3369 1104 3445 verb.
1128 3369 1201 3445 ott.
1237 3369 1438 3472 Quidquid

106 3486 411 3588 anistrinqendae
438 3485 689 3588 obtiqationis
719 3512 837 3562 causa
866 3487 1010 3564 dictum
1038 3497 1107 3570 est,
1125 3490 1168 3563 id
1193 3493 1276 3564 nist
1296 3489 1437 3590 palam
1474 3549 1477 3554 n

106 3609 233 3683 uerbis
262 3611 526 3708 enprimatun
557 3611 746 3682 amissura
767 3631 847 3683 esse
876 3607 1171 3710 inteiliqenduan
1204 3619 1271 3682 esi.

184 3727 248 3806 ili.
279 3727 435 3826 Ideoque
462 3727 608 3827 quoties
638 3726 793 3804 titinnius
835 3728 1136 3804 testamentariae
1179 3727 1435 3828 dispositionis

106 3847 288 3922 obiectari
319 3869 365 3921 ex
394 3845 518 3922 verbis
535 3847 729 3922 testatoris
748 3845 848 3924 haud
870 3846 1008 3948 liquido
1030 3852 1165 3947 pateat,
1189 3847 1307 3948 aptari
1328 3871 1435 3949 posse

106 3969 252 4044 videtur
280 3964 369 4042 iilud
399 3965 492 4043 iuris
521 3966 771 4067 principiani:
802 3969 906 4070 quod
934 3965 1124 4070 (testator)
1144 3969 1437 4069 votuiteapres-

104 4095 168 4171 sit,
200 4087 305 4188 qnod
332 4087 459 4161 notuit
486 4109 564 4159 non
592 4093 797 4188 expressit.
1037 4087 1041 4094 '

185 4207 250 4280 lV.
283 4203 339 4280 nx
368 4205 448 4280 iure
475 4206 661 4280 eorurnuni
691 4206 831 4307 pariter
850 4207 991 4281 scatere
1020 4207 1116 4304 quod
1146 4211 1283 4281 natura
1311 4207 1434 4284 euius·

103 4325 196 4403 tibet
221 4334 339 4419 aetus,
374 4325 437 4426 qni
465 4325 507 4400 tit
535 4327 603 4402 sub
631 4327 840 4402 conditione
870 4324 1086 4414 resolutiva,
1105 4325 1191 4402 talis
1211 4326 1259 4402 sit
1279 4333 1320 4402 ut
1337 4327 1432 4404 idern

103 4451 209 4524 aetus
237 4443 336 4520 illico
363 4449 575 4524 evanescat.
608 4444 792 4520 existente
819 4441 1044 4539 conditione,
1076 4447 1115 4520 et
1142 4468 1200 4520 res
1227 4444 1268 4521 in
1306 4445 1434 4546 pristi-

104 4593 203 4643 nurn
219 4570 362 4642 statum
391 4569 642 4642 revertantur.
