3670 5222
727 263 886 312 necueruu
1441 244 1481 314 {5
1495 244 1502 308 Ι

266 359 467 440 Buccellati
501 365 542 436 Λ.
574 361 843 440 L’Ailuciuatu
875 362 1068 438 Romanae
1096 361 1135 438 in
1163 365 1221 438 tre
1239 360 1337 452 libri,
1367 364 1439 440 vol.
1469 363 1507 442 3.

193 523 232 540 -
266 483 408 560 Milano
441 481 625 559 leta-tc.
658 484 804 558 Auctor
832 483 1082 559 laudabiliter
1109 507 1149 559 se
1171 483 1331 558 subiecit
1351 495 1385 560 et
1407 482 1511 588 Opus

188 607 415 706 reprobavit.

266 724 369 800 Della
396 727 534 802 societte
562 723 712 826 politica
739 751 760 802 e
788 722 960 825 religioea
979 723 1133 825 rispettc
1151 725 1186 802 al
1206 727 1325 803 seculo
1352 728 1511 806 decimo-

187 867 298 933 ncu0‚
332 868 397 945 per
422 843 633 946 Guglielmo
662 845 828 934 Aueiae,
852 841 1057 944 professore
1075 845 1112 920 di
1132 844 1286 922 filcsofla
1304 846 1362 922 del
1380 847 1509 924 diritto

183 961 494 1042 uell'Universite
522 965 709 1048 Romana.
732 964 911 1040 canonico
937 965 973 1039 di
1005 965 1043 1042 S.
1066 963 1193 1042 Pietro
1221 966 1267 1041 iu
1307 967 1505 1052 Vaticana.

183 1123 232 1138 -
257 1081 406 1157 F'irenze
430 1081 542 1159 1876
568 1083 681 1159 Ducr.
707 1083 745 1158 S.
775 1078 849 1183 Off.
870 1085 943 1184 fer.
968 1081 1038 1158 IV.
1058 1084 1120 1158 aie
1138 1081 1200 1159 18
1220 1083 1505 1187 Aprittslssii.

182 1203 328 1274 Auctor
357 1203 611 1278 laudabiliter
636 1228 676 1279 se
703 1203 866 1278 subiecit
893 1212 927 1277 et
961 1201 1064 1305 Opus
1092 1203 1324 1304 reprobavit.

260 1323 406 1394 Auctor
429 1318 564 1422 Operis
583 1331 690 1396 curti
663 1323 815 1396 titulus:
837 1323 890 1397 La
907 1322 1099 1422 questione
1118 1319 1291 1424 religiose
1307 1321 1343 1399 di
1362 1321 1509 1403 ieriedi

180 1443 282 1542 oggi.
313 1447 558 1543 conquattrc
586 1440 692 1542 panti
722 1441 937 1518 auriforme
964 1440 1150 1534 cautione,
1181 1442 1389 1542 perG.B.
1420 1443 1509 1522 Fic-

179 1556 262 1632 ricli
282 1559 388 1635 Deile
419 1561 529 1652 lena,
566 1562 716 1636 Pauova
746 1557 862 1652 1869,
895 1561 1011 1660 pruib.
1040 1561 1148 1638 Decr.
1175 1559 1228 1636 22
1246 1560 1360 1638 Mart.
1331 1559 1503 1656 eleae,

179 1677 433 1756 laudabiliter
460 1705 499 1755 se
526 1682 688 1758 subiecit
714 1693 749 1757 ct
780 1681 884 1784 Opus
911 1681 1141 1783 reprobavit.
1163 1674 1167 1681 ¹

256 1797 387 1900 Itaque
415 1823 521 1876 nemo
548 1801 808 1902 cuiuscumque
837 1802 972 1902 gradus
1001 1802 1040 1876 et
1067 1797 1290 1876 conditionis
1317 1801 1508 1902 praedicta

176 1915 302 2018 Opera
329 1922 507 1997 deamata
534 1927 644 2022 atque
662 1921 887 2023 proscripta,
917 1921 957 1997 iu
984 1943 1216 2020 quocumque
1235 1920 1326 2012 loco,
1360 1927 1397 1996 et
1414 1946 1507 2024 quo·

180 2063 341 2138 euinque
368 2039 555 2128 idiomate,
578 2062 645 2118 auc
672 2042 711 2117 iu
739 2045 928 2142 posterum
948 2043 1070 2134 edere,
1093 2045 1158 2118 eut
1176 2041 1275 2118 edita
1293 2037 1417 2142 legere
1445 2040 1506 2116 vel
1608 2093 1609 2096 =

176 2163 338 2236 retinere
366 2163 512 2248 audeat,
550 2161 612 2236 sed
641 2160 802 2238 locorum
828 2159 1052 2252 Ordiuariis‚
1088 2162 1156 2236 eut
1182 2159 1393 2238 haereticae
1421 2185 1505 2261 pra·

176 2281 307 2355 vitetis
338 2279 619 2379 Inquisitoribus
638 2306 681 2358 ea
702 2282 845 2358 tradere
872 2284 1046 2359 teneatur
1066 2282 1133 2357 sub
1160 2280 1288 2382 poenis
1315 2279 1354 2355 in
1381 2281 1504 2358 Indice

174 2398 352 2476 librorum
386 2400 579 2475 vetitorum
610 2403 772 2478 indictis.

257 2516 400 2603 Quibus
429 2519 487 2594 Sa
498 2517 756 2596 NOTISSIMO
783 2517 977 2597 DOMINO
998 2516 1196 2596 NOSTRO
1216 2516 1299 2595 PIO
1328 2517 1409 2596 ΡΡ.
1433 2517 1498 2595 ΙΧ.

174 2661 240 2736 per
270 2663 326 2712 me
355 2637 696 2744 infrascriptuuiS.
728 2639 759 2715 Ι.
789 2639 831 2718 O
862 2639 1070 2715 eSecretis
1105 2637 1254 2728 relate,
1302 2636 1503 2715 SANCTI-

175 2757 271 2833 'tAS
299 2757 398 2837 SUA
444 2760 575 2834 Decret
559 2766 637 2834 tum
670 2759 843 2862 probavit
874 2765 911 2837 et
942 2759 1170 2862 promulgari
1210 2755 1413 2940 praecepit.
1456 2760 1500 2836 lu

174 2901 331 2975 quoium
362 2877 469 2952 fidem
499 2883 572 2960 etc.

253 2999 390 3072 Natum
420 2998 564 3076 Romae
593 2997 652 3074 die
679 2995 733 3076 20
761 2997 898 3102 Aprilis
935 2993 1052 3078 1877.

462 3413 466 3420 ·
511 3373 806 3456 ANTONINUS
834 3373 985 3452 OARD.
1021 3371 1084 3450 DE
1112 3373 1249 3455 1.an
1276 3372 1499 3451 Praefectus

551 3575 613 3681 Fr.
638 3603 887 3699 Hieronymus
907 3602 999 3679 Pius
1019 3600 1192 3680 Saccheri
1211 3600 1301 3680 Ord.
1319 3601 1454 3679 Praed.

711 3723 751 3801 S.
773 3723 853 3800 Iud.
874 3721 1059 3824 Congreg.
1082 3722 1285 3802 aSecretis

275 3829 375 3912 icco
398 3837 443 3927 >14
465 3829 586 3932 sigilli

254 4063 320 4134 uie.
343 4067 388 4136 ..4
405 4063 490 4136 Nlau
508 4057 602 4135 2877
619 4086 687 4159 ego
703 4061 963 4161 infrascriptae
979 4061 1155 4162 magister
1165 4059 1366 4137 Cursururu
1380 4065 1495 4137 testor

165 4181 417 4281 supradictum
429 4181 624 4257 Decretum
646 4183 797 4258 affixum
815 4189 853 4256 et
867 4181 1090 4281 publicatum
1104 4180 1216 4255 tuisse
1233 4181 1269 4255 in
1287 4181 1399 4258 Urbe.

816 4298 1015 4402 Philippus
1042 4299 1174 4378 Ossani
1205 4302 1308 4402 Mag.
1330 4299 1439 4377 Cure.
