3674 5210
374 217 416 284 86
935 233 1132 282 careremus

374 334 529 410 adverso
558 331 673 408 visum
704 335 761 408 est
787 333 982 433 praetensa
1009 329 1178 407 haeredis
1218 328 1302 406 iura
1333 329 1590 410 eversaiuisse
1618 335 1699 408 tum

375 478 440 554 per
465 451 653 528 testatoris
681 449 924 542 voluntatem,
955 456 1032 525 tum
1063 451 1248 550 periuris
1294 451 1500 527 communis
1540 453 1699 553 disposi-

374 575 527 651 tionem.
560 569 690 658 Quoad
718 571 912 647 testatoris
941 570 1166 646 voluntatem
1195 571 1292 646 haud
1320 572 1385 647 abs
1414 595 1452 645 re
1480 573 1552 648 erit
1591 597 1702 676 prae-

377 716 525 771 monere
553 693 650 792 qnod
680 690 799 768 adhuc
825 713 900 766 nen
929 689 1054 766 extitit
1082 691 1241 768 conditio
1271 692 1316 766 ab
1344 715 1386 766 eo
1425 693 1617 794 apposita,
1651 717 1699 768 ex

376 813 482 891 cuius
509 811 711 888 existentia
737 809 972 913 Capellaniae
1000 811 1095 887 liena
1123 812 1169 886 ad
1199 810 1372 886 haeredes
1408 816 1699 890 reverterentur.

378 937 473 1014 Nam
502 933 572 1022 etsi
601 931 662 1008 lex
689 929 816 1007 italica
842 931 911 1006 diei
958 929 1002 1004 ln
1037 930 1172 1031 Agusti
1205 927 1308 1004 1867
1337 932 1437 1006 entia
1466 933 1592 1008 omnia
1624 957 1703 1008 mo-

379 1054 473 1132 ralia
517 1077 584 1156 per
629 1049 904 1152 personalitatis
950 1050 1125 1126 iuridicar
1182 1051 1469 1126 subtractionem
1525 1053 1704 1129 dissolve-

379 1179 468 1267 ret3
498 1174 593 1250 bona
620 1179 746 1247 tamen
773 1170 852 1245 sive
881 1168 1068 1245 benefieiis
1095 1169 1175 1244 sive
1204 1169 1431 1271 Capellaniis
1470 1172 1705 1248 inhaerentia

380 1292 569 1397 perhanc
596 1288 714 1390 legem
743 1312 810 1364 nec
838 1310 1029 1388 suspensa,
1062 1311 1128 1362 nec
1156 1309 1380 1388 suppressa,
1411 1298 1520 1388 prout
1547 1295 1706 1366 testator

381 1414 493 1504 cavit,
525 1410 688 1487 fuerunt.
721 1407 908 1510 Siquidem
937 1404 977 1482 in
1003 1405 1220 1507 Capellania
1255 1405 1525 1484 ecclesiastieae
1570 1407 1706 1485 indolis

382 1539 632 1618 cincturae,
665 1528 886 1632 gubernium
917 1527 1012 1603 bona
1039 1525 1164 1603 omnia
1191 1527 1237 1602 ad
1265 1551 1303 1601 se
1342 1538 1500 1622 arriserit,
1541 1534 1707 1609 attamen

383 1653 431 1758 (si
459 1651 533 1754 legi
569 1645 768 1748 cerninus)
811 1646 1075 1749 obligationem
1121 1644 1191 1746 piis
1236 1646 1383 1748 legatis,
1432 1648 1707 1751 Missarumque

383 1769 556 1849 oneribus
584 1763 837 1843 satisfaciendi
866 1763 935 1838 sibi
964 1764 1131 1840 assumit.
1162 1764 1203 1840 ln
1233 1764 1447 1866 (lapellania
1475 1791 1576 1858 vere,
1611 1793 1706 1868 quae

384 1890 478 1968 laica
505 1887 653 1974 dicitur,
686 1885 898 1973 Missarum‚
932 1883 1163 1983 aliorumque
1192 1905 1358 1977 onerum,
1391 1883 1468 1958 sive
1496 1885 1702 1986 suspensi0,

385 2009 463 2085 sive
491 2005 699 2107 suppressio
727 2003 847 2080 adhuc
875 2024 949 2076 non
977 2003 1104 2093 extot3
1137 2025 1219 2076 eum
1249 2003 1358 2076 binae
1403 2004 1535 2078 tertiae
1584 2009 1708 2105 partes

386 2125 600 2232 patrimonii
629 2127 673 2200 ad
701 2121 910 2199 huiusmodi
937 2121 1038 2196 entia
1067 2119 1287 2221 pertinentis
1316 2121 1532 2197 haeredibus
1564 2149 1586 2198 a
1628 2121 1710 2224 lege

386 2247 641 2347 adsignentur,
673 2242 736 2343 qui
764 2246 961 2344 propterea
989 2242 1019 2315 si
1050 2240 1197 2330 velint,
1228 2239 1392 2318 habeant
1429 2246 1609 2343 quomodo
1655 2255 1712 2320 te-

388 2368 539 2446 statoris
566 2364 791 2444 voluntatem
822 2363 1020 2464 adimplere
1048 2362 1210 2438 valeant.

467 2492 643 2565 Attamen
673 2482 870 2586 superbis
915 2482 1026 2558 nimis
1065 2479 1158 2557 baud
1206 2482 1513 2575 immorandum3
1544 2485 1639 2576 sed,
1672 2486 1716 2560 ut

388 2609 556 2714 quaestio
585 2603 806 2708 inspiciatur
835 2603 873 2678 in
901 2625 967 2678 suo
995 2625 1081 2676 vero
1110 2605 1224 2695 statu,
1249 2603 1517 2703 exquirendum
1550 2606 1606 2676 est
1626 2599 1716 2702 quid

388 2735 557 2808 testator.
591 2723 845 2827 Capellaniam
872 2722 1110 2814 instituendo,
1149 2721 1186 2798 in
1215 2728 1337 2799 mente
1364 2721 1548 2814 halmerit,
1575 2729 1611 2796 et
1631 2722 1714 2821 qui·

391 2878 474 2928 nam
503 2847 587 2922 finis
614 2849 660 2923 ab
689 2869 731 2922 eo
760 2845 941 2920 intentus.
973 2841 1151 2920 Omnibus
1193 2843 1293 2918 enim
1334 2847 1461 2918 notum
1492 2848 1572 2932 est,
1615 2843 1714 2942 quod

391 2972 429 3046 in
459 2971 579 3057 rebus,
612 2991 706 3066 quae
736 2993 758 3040 a
785 2963 962 3064 cuiusque
990 2963 1161 3040 libertate
1190 2987 1253 3039 seu
1292 2962 1446 3038 arbitrio
1474 2962 1709 3062 dependent,

392 3089 551 3166 bortrinis
578 3087 748 3162 voluntas
776 3083 870 3186 legis
898 3082 1016 3159 lecum
1047 3087 1182 3173 tenet,
1213 3110 1234 3158 a
1262 3107 1334 3184 qua
1362 3081 1548 3172 recedere,
1583 3079 1718 3180 quovis

392 3211 460 3286 sub
490 3209 678 3310 praetextu
708 3205 908 3282 nonlicet.
939 3202 979 3278 ln
1010 3203 1224 3302 quaestione
1254 3203 1321 3278 bae
1349 3205 1419 3276 duo
1449 3201 1555 3276 nobis
1592 3225 1718 3277 occur·

393 3336 505 3418 runt;
538 3327 694 3426 legatum
726 3321 866 3398 scilieet
893 3347 955 3396 sex
990 3323 1182 3396 Missurum
1214 3317 1474 3421 persingulas
1519 3318 1718 3394 hebdomas

393 3448 706 3536 celebrandarum,
725 3451 763 3518 et
776 3440 1022 3518 institutionis
1051 3440 1211 3516 eiusdem
1242 3439 1485 3540 perpetuitas.
1518 3437 1575 3512 un
1605 3442 1717 3512 testa·

393 3567 485 3644 toris
514 3567 626 3642 verba
653 3587 699 3638 ex
726 3563 859 3663 quibus
887 3562 967 3638 eius
998 3583 1098 3634 mens
1139 3560 1287 3634 evidens
1337 3558 1389 3632 dt.
1422 3556 1514 3634 Ounr
1557 3558 1718 3632 debeant

394 3689 492 3765 dicta
519 3687 614 3762 bona
642 3707 717 3760 una
744 3706 827 3757 eum
856 3705 970 3782 parvo
998 3678 1187 3758 Coenobio
1215 3679 1333 3752 dotem
1364 3675 1603 3777 Capellaniae
1628 3700 1717 3751 con·

395 3808 550 3883 stituore
577 3805 793 3906 perpetuam
824 3805 936 3900 atque
965 3797 1232 3898 intangibilem.
1267 3819 1442 3896 expresse
1477 3797 1515 3869 et
1549 3796 1719 3871 absolute

396 3925 609 4028 prohibetur
636 3920 787 4020 quaevis
824 3919 975 3994 minima
1011 3941 1136 3992 eorum
1166 3915 1358 4013 dispositio
1397 3919 1463 3988 aut
1509 3914 1716 3989 distractio.

395 4047 451 4124 Ex
480 4044 611 4146 quibus
638 4065 726 4142 ergo
757 4040 877 4114 verbis
906 4036 1015 4112 facile
1036 4043 1135 4136 patet
1152 4035 1310 4112 voluisse
1330 4039 1548 4109 testatorem
1565 4035 1719 4110 omnino

395 4153 634 4269 perpetuitati
664 4183 752 4235 suae
781 4157 1032 4233 institutionis
1062 4157 1282 4258 prospicere.

454 4281 713 4385 'Perpetuitas
741 4276 920 4357 eiusmodi
951 4279 1038 4352 adeo
1066 4286 1103 4352 in
1132 4277 1210 4352 eius
1253 4273 1379 4348 aninm
1424 4273 1635 4362 insidebat,
1681 4275 1722 4346 ut

396 4404 598 4508 quamlibet
625 4399 904 4478 distractionem
932 4399 978 4474 ob
997 4397 1034 4474 id
1050 4395 1293 4498 prohibuerit:
1319 4395 1410 4470 haee
1442 4392 1721 4494 insupercausa

396 4525 485 4616 fuit,
518 4545 613 4622 quae
641 4521 685 4596 ad
714 4518 1008 4620 praecavendum
1038 4513 1184 4614 impulit
1211 4515 1308 4612 quod
1338 4511 1367 4585 si
1397 4511 1593 4609 aliqnando
1636 4535 1721 4585 eve-
