3622 5232
367 177 410 248 5³0
789 201 1039 252 nrsrnmurrunun
1063 205 1099 250 nr
1123 205 1242 254 ‹rneeuu

367 306 527 379 ceurbrr's
558 302 675 380 1758
703 305 755 380 act
781 313 939 406 tertium
968 306 1145 382 drtbtum:
1186 315 1229 383 tn
1274 307 1443 385 Reutr'nc
1489 304 1551 385 22
1581 304 1689 382 ,mn-

367 430 413 498 tr'r'
439 423 557 530 mcc
587 425 611 523 ξ
640 425 817 527 Denique
844 437 879 501 et
908 431 961 500 tn.
996 415 1230 502 Forelr'rien.
1264 428 1322 506 27
1354 427 1690 506 Mn2·t1826.lm

371 546 512 622 inerito.
536 547 628 623 Nam
658 547 721 648 qui
751 547 914 651 legitime
942 549 1045 624 abest
1072 549 1103 624 si
1146 551 1191 626 ad
1227 549 1396 652 praefata
1436 573 1550 626 onera
1577 551 1692 626 adim-

367 664 498 766 plenda
512 669 714 751 teneretur,
735 668 805 742 iarn
825 667 959 768 duplici
982 668 1225 744 mulctaretur
1245 667 1559 768 poena,nimirurn
1581 667 1692 743 arnis-

365 785 476 860 sionis
504 785 786 866 distributionis,
810 791 920 888 atque
948 795 1068 866 oneris
1096 788 1207 868 alium
1237 788 1276 866 in
1317 789 1375 866 sui
1416 788 1534 866 locum
1564 791 1693 864 subro-

365 905 489 1008 gandi.
514 913 625 1007 atque
655 907 707 985 ita
736 908 902 1008 integrae
932 911 1160 1008 praebendae
1201 909 1344 986 fructus
1385 933 1459 986 nun
1486 909 1694 986 lucraretur

366 1027 494 1100 contra
521 1025 716 1102 Sacrorum
746 1027 938 1104 Oanonum
967 1030 1130 1106 decreta.

445 1143 575 1230 Quone
590 1167 755 1220 rnnriuu
771 1149 989 1224 numuulus
1009 1147 1163 1224 Antonii
1182 1150 1227 1225 ad
1243 1147 1387 1225 fructus
1401 1148 1596 1225 lucrandos
1612 1173 1693 1222 sar-

365 1269 463 1339 clum
481 1269 690 1364 tectumque
701 1289 780 1340 esse
795 1267 924 1342 debere
935 1293 980 1344 ex
995 1293 1038 1346 eo
1059 1270 1321 1346 ostendebatur
1341 1269 1438 1370 quod
1452 1269 1531 1370 ipse
1546 1267 1584 1343 in
1610 1268 1694 1345 albo

365 1381 588 1460 Olericorum
611 1385 888 1461 inservientium
907 1387 1093 1466 Ecclesiae
1113 1387 1349 1489 Receptitiae
1362 1388 1566 1488 adscriptus
1580 1387 1692 1464 etiam

366 1525 465 1577 nunc
496 1508 656 1580 maneat.
680 1504 724 1580 Ei
754 1529 842 1604 erpo
871 1506 928 1582 ius
957 1508 1131 1609 competit
1172 1509 1217 1584 ad
1262 1506 1405 1584 fructus
1437 1507 1694 1608 percipiendos

365 1624 410 1700 ad
442 1625 556 1699 vitam
586 1624 802 1701 ducendam:
834 1653 914 1702 cum
946 1628 1123 1706 Dominus
1151 1628 1289 1705 dixerit
1316 1629 1358 1702 ad
1391 1629 1517 1703 Aaron
1549 1625 1695 1702 Omntc

364 1765 463 1844 quoe
489 1743 784 1838 sanctificantur
812 1771 835 1820 a
859 1746 958 1845 filiis
986 1745 1125 1826 lsrael,
1157 1746 1309 1823 tradidi
1334 1745 1407 1821 tibi
1433 1754 1467 1822 et
1489 1745 1586 1844 fillis
1615 1751 1696 1821 tuis

364 1887 434 1964 pro
462 1863 580 1964 officio
612 1862 864 1939 Stroerdototr'.
886 1863 936 1941 Et
966 1865 1120 1941 Paulus
1140 1870 1185 1940 tn
1204 1865 1245 1944 1.
1268 1865 1320 1942 od
1343 1863 1517 1940 Corinth.
1537 1861 1564 1940 9
1585 1889 1697 1965 aperb

367 1985 402 2056 le
430 1979 702 2083 praedicaverit
729 1984 1024 2084 cassiciacum
1049 1989 1120 2084 qui
1148 1990 1190 2056 in
1232 1983 1419 2061 Sacrario
1466 1992 1694 2085 operentur,
1806 1969 1807 1980 ¹

365 2129 464 2206 quoe
492 2102 538 2180 de
568 2101 751 2177 Sacrario
769 2111 861 2175 ,suot
879 2101 1024 2179 edunt?
1043 2113 1078 2178 et
1103 2109 1171 2204 qui
1192 2103 1325 2178 Alteri
1342 2103 1576 2186 desererent,
1606 2127 1695 2177 cum

367 2222 501 2299 Alteri
518 2227 691 2325 pnrtr'cz'p
707 2231 782 2302 mt,
798 2226 851 2294 ita
870 2231 905 2294 et
925 2221 1118 2300 Dominus
1132 2222 1329 2296 ordinavit
1346 2226 1416 2323 qrrz'
1436 2219 1695 2322 Eoonqettum

367 2347 613 2416 annunciant
632 2341 675 2412 de
696 2337 909 2440 Eoorrpeliu
932 2347 1055 2416 m'vere
1077 2349 1233 2443 ipsoque
1256 2338 1409 2422 Christo
1430 2342 1475 2416 dr
1512 2344 1693 2442 operario

367 2460 602 2564 Eneapelr'co
630 2460 776 2534 dicente
804 2457 901 2534 Duc.
929 2459 984 2535 10
1004 2458 1151 2562 clipeus
1171 2467 1227 2537 est
1244 2464 1348 2535 enim
1368 2464 1574 2562 operarius
1593 2480 1698 2531 mer-

368 2581 455 2656 cede
472 2604 560 2656 suo.

447 2697 819 2774 Animadvertebatur
838 2693 971 2784 etiam,
997 2695 1202 2774 Antonium
1222 2694 1394 2800 integrae
1422 2694 1610 2772 Ecclesiae
1633 2695 1688 2772 M.

367 2820 507 2894 servire
535 2843 617 2894 cum
646 2817 685 2894 in
714 2817 926 2896 Gathedrali
953 2816 1121 2895 Ecclesia
1147 2842 1298 2920 operam
1333 2843 1440 2896 suam
1468 2820 1692 2920 praestaret:

369 2962 437 3016 nec
463 2961 609 3038 operam
640 2937 841 3037 quamlibet
869 2935 929 3011 sed
959 2935 1130 3037 plenam,
1161 2942 1199 3012 et
1225 2935 1339 3015 talem
1381 2939 1423 3012 ut
1451 2933 1492 3011 in
1520 2935 1696 3012 omnibus

369 3057 469 3137 Cleri
497 3065 535 3130 ct
561 3053 688 3158 populi
717 3055 995 3132 necessitatibus
1022 3063 1169 3157 praesto
1189 3056 1252 3150 sit,
1275 3079 1342 3132 ceu
1369 3055 1410 3131 in
1438 3053 1608 3156 Episcopi
1637 3055 1700 3130 in-

370 3165 587 3254 formatione
613 3173 766 3250 relatum
797 3181 867 3251 est.
887 3177 965 3253 Nec
983 3173 1102 3254 facere
1121 3174 1217 3276 qnod
1235 3173 1452 3252 beneficium
1472 3175 1580 3252 detur
1608 3199 1700 3276 pro·

369 3307 452 3399 pter
478 3295 653 3373 officium.
684 3295 765 3370 Nou
793 3318 872 3371 esse
899 3297 997 3371 enim
1025 3299 1142 3372 totam
1172 3318 1316 3371 causam
1345 3297 1393 3372 ob
1419 3319 1529 3394 quam
1559 3295 1700 3371 benefi-

370 3417 465 3495 cium
496 3414 685 3492 confertur
713 3420 755 3490 ut
781 3414 947 3492 Clericus
975 3417 1013 3491 in
1042 3441 1108 3492 sua
1137 3413 1302 3491 Ecclesia
1329 3422 1586 3491 commoretur:
1620 3421 1698 3490 ete-

372 3538 447 3614 nim
477 3535 570 3611 aliae
599 3561 732 3613 causae
760 3559 838 3610 esse
866 3539 1021 3637 possunt
1047 3534 1223 3610 nimirum
1253 3537 1354 3610 ulex
1373 3533 1478 3610 bonis
1507 3531 1698 3610 Ecclesiae

373 3656 474 3732 vivat
501 3660 539 3732 ct
568 3681 638 3732 non
668 3657 862 3748 mendicet,
887 3654 999 3758 (quod
1026 3678 1093 3755 pro
1120 3651 1256 3732 Clerici
1275 3657 1388 3746 statu,
1420 3655 1459 3728 et
1484 3651 1699 3728 conditione

374 3776 534 3853 maxime
563 3776 771 3854 indecorum
802 3777 913 3876 esset)
929 3781 971 3852 ut
993 3798 1117 3877 preces
1135 3772 1304 3850 horarias
1324 3775 1470 3860 recitet,
1497 3776 1537 3847 ut
1559 3771 1700 3848 Missae

372 3894 592 3972 sacrificium
622 3895 755 3972 offerat
782 3896 842 3972 vel
870 3895 1049 3972 sacerdoti
1081 3893 1254 3970 offerenti
1282 3893 1321 3967 in
1352 3893 1472 3968 Alteri
1501 3891 1694 3984 inserviat,

371 4013 431 4090 vel
459 4013 616 4115 denique
646 4019 686 4090 ut
712 4019 901 4118 tamquam
929 4013 1095 4092 Clericus
1112 4011 1247 4090 militet
1276 4011 1312 4086 in
1343 4009 1506 4086 Ecclesia
1535 4009 1702 4090 Univer-

375 4133 457 4212 sali.

481 4254 626 4334 Ultima
667 4254 824 4332 obiectio
857 4255 1151 4332 adversariorum
1181 4251 1442 4341 refellebatur,
1474 4249 1611 4326 haustu
1653 4275 1702 4326 ex

373 4375 475 4452 lucro
503 4374 599 4476 quod
627 4375 813 4452 Antonius
842 4374 1070 4451 nancisc²tur
1098 4399 1181 4450 cum
1209 4396 1320 4472 penes
1338 4368 1598 4449 Guthedralcm
1629 4367 1703 4444 Eo-

373 4493 519 4570 olosiam
542 4497 802 4572 commoratur.
826 4493 1014 4594 Siquidem
1029 4492 1073 4567 de
1093 4517 1135 4568 co
1154 4494 1315 4568 testatur
1334 4489 1554 4591 Episcopus,
1579 4487 1701 4590 ipsum
